@article{PhysRevD.104.124025,
  title = {Energy extraction from non-coalescing black hole binaries},
  author = {Sanches, Lucas Timotheo and Richartz, Maur\'{\i}cio},
  journal = {Phys. Rev. D},
  volume = {104},
  issue = {12},
  pages = {124025},
  numpages = {15},
  year = {2021},
  month = {Dec},
  publisher = {American Physical Society},
  doi = {10.1103/PhysRevD.104.124025},
  url = {https://link.aps.org/doi/10.1103/PhysRevD.104.124025}
}

@article{Sanches2022,
  doi = {10.21105/joss.04077},
  url = {https://doi.org/10.21105/joss.04077},
  year = {2022},
  publisher = {The Open Journal},
  volume = {7},
  number = {73},
  pages = {4077},
  author = {Lucas Timotheo Sanches},
  title = {`QuasinormalModes.jl`: A Julia package for computing discrete eigenvalues of second order ODEs},
  journal = {Journal of Open Source Software}
}

@article{Mamani2022,
  doi = {10.1140/epjc/s10052-022-10865-1},
  url = {https://doi.org/10.1140/epjc/s10052-022-10865-1},
  year = {2022},
  month = oct,
  publisher = {Springer Science and Business Media {LLC}},
  volume = {82},
  number = {10},
  author = {Luis A. H. Mamani and Angel D. D. Masa and Lucas Timotheo Sanches and Vilson T. Zanchin},
  title = {Revisiting the quasinormal modes of the Schwarzschild black hole: Numerical analysis},
  journal = {The European Physical Journal C}
}

%%%% Penrose paper references

@article{wald1,
    title = {Stimulated-emission effects in particle creation near black holes},
    author = {Wald, Robert M.},
    journal = {Phys. Rev. D},
    volume = {13},
    issue = {12},
    pages = {3176--3182},
    numpages = {0},
    year = {1976},
    month = {Jun},
    publisher = {American Physical Society},
    doi = {10.1103/PhysRevD.13.3176},
    url = {https://link.aps.org/doi/10.1103/PhysRevD.13.3176},
}

@article{Wong:2019kru,
    author = "Wong, Leong Khim",
    title = "{Superradiant scattering by a black hole binary}",
    eprint = "1905.08543",
    archivePrefix = "arXiv",
    primaryClass = "hep-th",
    doi = "10.1103/PhysRevD.100.044051",
    journal = "Phys. Rev. D",
    volume = "100",
    number = "4",
    pages = "044051",
    year = "2019",
}

@article{Rosa:2015hoa,
    author = "Rosa, Joao G.",
    title = "{Testing black hole superradiance with pulsar companions}",
    journal = "Phys. Lett. B",
    volume = "749",
    year = "2015",
    pages = "226-230",
    doi = "10.1016/j.physletb.2015.07.063",
    eprint = "1501.07605",
    archivePrefix = "arXiv",
    primaryClass = "gr-qc",
    SLACcitation = "%%CITATION = ARXIV:1501.07605;%%",
}


@article{Rosa:2016bli,
    author = "Rosa, Joao G.",
    title = "{Superradiance in the sky}",
    journal = "Phys. Rev. D",
    volume = "95",
    year = "2017",
    number = "6",
    pages = "064017",
    doi = "10.1103/PhysRevD.95.064017",
    eprint = "1612.01826",
    archivePrefix = "arXiv",
    primaryClass = "gr-qc",
    SLACcitation = "%%CITATION = ARXIV:1612.01826;%%",
}


@article{Rosa:2017ury,
    author = "Rosa, Jo√£o G. and Kephart, Thomas W.",
    title = "{Stimulated Axion Decay in Superradiant Clouds around Primordial
             Black Holes}",
    journal = "Phys. Rev. Lett.",
    volume = "120",
    year = "2018",
    number = "23",
    pages = "231102",
    doi = "10.1103/PhysRevLett.120.231102",
    eprint = "1709.06581",
    archivePrefix = "arXiv",
    primaryClass = "gr-qc",
    SLACcitation = "%%CITATION = ARXIV:1709.06581;%%",
}


@article{PhysRevD.100.024037,
    title = {Superradiant scattering in fluids of light},
    author = {Prain, Angus and Maitland, Calum and Faccio, Daniele and Marino,
              Francesco},
    journal = {Phys. Rev. D},
    volume = {100},
    issue = {2},
    pages = {024037},
    numpages = {11},
    year = {2019},
    month = {Jul},
    publisher = {American Physical Society},
    doi = {10.1103/PhysRevD.100.024037},
    url = {https://link.aps.org/doi/10.1103/PhysRevD.100.024037},
}

@article{Torres16,
    author = "Torres, Theo and Patrick, Sam and Coutant, Antonin and Richartz,
              Mauricio and Tedford, Edmund W. and Weinfurtner, Silke",
    title = "{Observation of superradiance in a vortex flow}",
    journal = "Nature Phys.",
    volume = "13",
    year = "2017",
    pages = "833-836",
    doi = "10.1038/nphys4151",
    eprint = "1612.06180",
    archivePrefix = "arXiv",
    primaryClass = "gr-qc",
    SLACcitation = "%%CITATION = ARXIV:1612.06180;%%",
}

@article{Barcelo:2018ynq,
    author = "Barcel{\'o}, Carlos",
    title = "{Analogue black-hole horizons}",
    journal = "Nature Phys.",
    volume = "15",
    year = "2019",
    number = "3",
    pages = "210-213",
    doi = "10.1038/s41567-018-0367-6",
    SLACcitation = "%%CITATION = NPAHA,15,210;%%",
}

@article{Barcelo05,
    author = "Barcel{\'o}, Carlos and Liberati, Stefano and Visser, Matt",
    title = "Analogue Gravity",
    journal = "Living Reviews in Relativity",
    year = "2011",
    month = "May",
    day = "11",
    volume = "14",
    number = "1",
    pages = "3",
    abstract = "Analogue gravity is a research programme which investigates
                analogues of general relativistic gravitational fields within
                other physical systems, typically but not exclusively condensed
                matter systems, with the aim of gaining new insights into their
                corresponding problems. Analogue models of (and for) gravity have
                a long and distinguished history dating back to the earliest
                years of general relativity. In this review article we will
                discuss the history, aims, results, and future prospects for the
                various analogue models. We start the discussion by presenting a
                particularly simple example of an analogue model, before
                exploring the rich history and complex tapestry of models
                discussed in the literature. The last decade in particular has
                seen a remarkable and sustained development of analogue gravity
                ideas, leading to some hundreds of published articles, a workshop
                , two books, and this review article. Future prospects for the
                analogue gravity programme also look promising, both on the
                experimental front (where technology is rapidly advancing) and on
                the theoretical front (where variants of analogue models can be
                used as a springboard for radical attacks on the problem of
                quantum gravity).",
    doi = "10.12942/lrr-2011-3",
}

@article{Bekenstein:1973mi,
    author = "Bekenstein, J. D.",
    title = "{Extraction of energy and charge from a black hole}",
    journal = "Phys. Rev. D",
    volume = "7",
    year = "1973",
    pages = "949-953",
    doi = "10.1103/PhysRevD.7.949",
    SLACcitation = "%%CITATION = PHRVA,D7,949;%%",
}



@article{Brito:2015oca,
    author = "Brito, Richard and Cardoso, Vitor and Pani, Paolo",
    title = "{Superradiance}",
    journal = "Lect. Notes Phys.",
    volume = "906",
    year = "2015",
    pages = {-},
    doi = "10.1007/978-3-319-19000-6",
    eprint = "1501.06570",
    archivePrefix = "arXiv",
    primaryClass = "gr-qc",
    SLACcitation = "%%CITATION = ARXIV:1501.06570;%%",
}
@article{Richartz:2009mi,
    author = {{Richartz}, M. and {Weinfurtner}, S. and {Penner}, A.~J. and {
              Unruh}, W.~G.},
    title = "{Generalized superradiant scattering}",
    journal = {Phys. Rev. D},
    year = 2009,
    month = dec,
    volume = 80,
    number = 12,
    eid = {124016},
    pages = {124016},
}


@article{zeldovich1,
    Adsnote = {Provided by the SAO/NASA Astrophysics Data System},
    Adsurl = {http://adsabs.harvard.edu/abs/1971JETPL..14..180Z},
    Author = {{Zel'Dovich}, Y.~B.},
    Journal = {JETP Lett.},
    Month = aug,
    Pages = {180-181},
    Title = {{Generation of Waves by a Rotating Body}},
    Volume = 14,
    Year = 1971,
}

@article{zeldovich2,
    Adsnote = {Provided by the SAO/NASA Astrophysics Data System},
    Adsurl = {http://adsabs.harvard.edu/abs/1972JETP...35.1085Z},
    Author = {{Zel'Dovich}, Y.~B.},
    Journal = {Sov. Phys. JETP},
    Pages = {1085-1087},
    Title = {{Amplification of Cylindrical Electromagnetic Waves Reflected from
             a Rotating Body}},
    Volume = 35,
    Year = 1972,
}

@article{staro1,
    Author = {{Starobinsky}, A.~A.},
    Journal = {Sov. Phys. JETP},
    Pages = {28-32},
    Title = {{Amplification of waves during reflection from a rotating black
             hole}},
    Volume = 37,
    Year = 1973,
}

@article{staro2,
    Author = {{Starobinsky}, A.~A. and {Churilov}, S.~M.},
    Journal = {Sov. Phys. JETP},
    Pages = {1--5},
    Title = {{Amplification of electromagnetic and gravitational waves scattered
             by a rotating black hole.}},
    Volume = {38},
    Year = {1974},
}


@article{Misner,
    author = {{Misner}, C.},
    title = "{Stability of Kerr black holes against scalar perturbations}",
    journal = {Bulletin of the American Physical Society},
    keywords = {KERR BLACK HOLES, SCALAR PERTURBATIONS, WAVES AMPLIFICATION},
    year = 1972,
    month = dec,
    volume = 17,
    pages = {472},
    adsurl = {http://adsabs.harvard.edu/abs/1972BAPS...17..472M},
    adsnote = {Provided by the SAO/NASA Astrophysics Data System},
}

@article{Bambi:2011mj,
    author = "Bambi, Cosimo",
    title = "{Testing the Kerr black hole hypothesis}",
    journal = "Mod. Phys. Lett. A",
    volume = "26",
    year = "2011",
    pages = "2453-2468",
    doi = "10.1142/S0217732311036929",
    eprint = "1109.4256",
    archivePrefix = "arXiv",
    primaryClass = "gr-qc",
    reportNumber = "LMU-ASC-25-12",
    SLACcitation = "%%CITATION = ARXIV:1109.4256;%%",
}

@article{Teukolsky:2014vca,
    author = "Teukolsky, Saul A.",
    title = "{The Kerr Metric}",
    journal = "Class. Quant. Grav.",
    volume = "32",
    year = "2015",
    number = "12",
    pages = "124006",
    doi = "10.1088/0264-9381/32/12/124006",
    eprint = "1410.2130",
    archivePrefix = "arXiv",
    primaryClass = "gr-qc",
    SLACcitation = "%%CITATION = ARXIV:1410.2130;%%",
}


@inproceedings{Visser:2007fj,
    author = "Visser, Matt",
    title = "{The Kerr spacetime: A Brief introduction}",
    booktitle = "{Kerr Fest: Black Holes in Astrophysics, General Relativity and
                 Quantum Gravity}",
    eprint = "0706.0622",
    archivePrefix = "arXiv",
    primaryClass = "gr-qc",
    month = "6",
    year = "2007",
}

@article{berti,
    author = {{Berti}, Emanuele},
    title = "{Topical collection: Testing the Kerr spacetime with
             gravitational-wave and electromagnetic observations}",
    journal = {Gen. Rel. Grav.},
    keywords = {Black holes, General relativity, Gravitational waves, General
                Relativity and Quantum Cosmology, Astrophysics - High Energy
                Astrophysical Phenomena},
    year = 2019,
    month = oct,
    volume = {51},
    number = {11},
    eid = {140},
    pages = {140},
    doi = {10.1007/s10714-019-2622-2},
    archivePrefix = {arXiv},
    eprint = {1911.00541},
    primaryClass = {gr-qc},
    adsurl = {https://ui.adsabs.harvard.edu/abs/2019GReGr..51..140B},
    adsnote = {Provided by the SAO/NASA Astrophysics Data System},
}

@article{PhysRevLett.114.251103,
    title = {Ultrahigh-Energy Debris from the Collisional Penrose Process},
    author = {Berti, Emanuele and Brito, Richard and Cardoso, Vitor},
    journal = {Phys. Rev. Lett.},
    volume = {114},
    issue = {25},
    pages = {251103},
    numpages = {5},
    year = {2015},
    month = {Jun},
    publisher = {American Physical Society},
    doi = {10.1103/PhysRevLett.114.251103},
    url = {https://link.aps.org/doi/10.1103/PhysRevLett.114.251103},
}

@article{PENROSE1971,
    author = {{Penrose}, R. and {Floyd}, R.~M.},
    title = "{Extraction of Rotational Energy from a Black Hole}",
    journal = {Nature Physical Science},
    year = 1971,
    month = feb,
    volume = {229},
    number = {6},
    pages = {177-179},
    doi = {10.1038/physci229177a0},
    adsurl = {https://ui.adsabs.harvard.edu/abs/1971NPhS..229..177P},
    adsnote = {Provided by the SAO/NASA Astrophysics Data System},
}

@article{CHRISTODOULOU1970,
    title = {Reversible and Irreversible Transformations in Black-Hole Physics},
    author = {Christodoulou, Demetrios},
    journal = {Phys. Rev. Lett.},
    volume = {25},
    issue = {22},
    pages = {1596--1597},
    numpages = {0},
    year = {1970},
    month = {Nov},
    publisher = {American Physical Society},
    doi = {10.1103/PhysRevLett.25.1596},
    url = {https://link.aps.org/doi/10.1103/PhysRevLett.25.1596},
}

@article{RUFFINI1971,
    title = {Reversible Transformations of a Charged Black Hole},
    author = {Christodoulou, Demetrios and Ruffini, Remo},
    journal = {Phys. Rev. D},
    volume = {4},
    issue = {12},
    pages = {3552--3555},
    numpages = {0},
    year = {1971},
    month = {Dec},
    publisher = {American Physical Society},
    doi = {10.1103/PhysRevD.4.3552},
    url = {https://link.aps.org/doi/10.1103/PhysRevD.4.3552},
}

@article{DENARDO1973,
    doi = {10.1016/0370-2693(73)90198-6},
    url = {https://doi.org/10.1016/0370-2693(73)90198-6},
    year = {1973},
    month = jul,
    publisher = {Elsevier {BV}},
    volume = {45},
    number = {3},
    pages = {259--262},
    author = {G. Denardo and R. Ruffini},
    title = {On the energetics of Reissner Nordstr{\o}m geometries},
    journal = {Physics Letters B},
}

@article{MAJUMDAR1947,
    title = {A Class of Exact Solutions of Einstein's Field Equations},
    author = {Majumdar, Sudhansu Datta},
    journal = {Phys. Rev.},
    volume = {72},
    issue = {5},
    pages = {390--398},
    numpages = {0},
    year = {1947},
    month = {Sep},
    publisher = {American Physical Society},
    doi = {10.1103/PhysRev.72.390},
    url = {https://link.aps.org/doi/10.1103/PhysRev.72.390},
}

@article{PAPAPETROU1947,
    author = "Papapetrou, A.",
    title = "{A Static solution of the equations of the gravitational field for
             an arbitrary charge distribution}",
    journal = "Proc. Roy. Irish Acad. (Sect. A)",
    volume = "51",
    year = "1947",
    pages = "191-204",
}

@article{HARTLE1972,
    doi = {10.1007/bf01645696},
    url = {https://doi.org/10.1007/bf01645696},
    year = {1972},
    month = jun,
    publisher = {Springer Science and Business Media {LLC}},
    volume = {26},
    number = {2},
    pages = {87--101},
    author = {J. B. Hartle and S. W. Hawking},
    title = {Solutions of the Einstein-Maxwell equations with many black holes},
    journal = {Comm. Math. Phys.},
}

@article{ASSUMPCAO2018,
    title = {Black hole binaries: Ergoregions, photon surfaces, wave scattering,
             and quasinormal modes},
    author = {Assump\ifmmode\mbox{\c{c}}\else\c{c}\fi{}\~ao, Thiago and Cardoso,
              Vitor and Ishibashi, Akihiro and Richartz, Maur\'{\i}cio and Zilh\~
              ao, Miguel},
    journal = {Phys. Rev. D},
    volume = {98},
    issue = {6},
    pages = {064036},
    numpages = {13},
    year = {2018},
    month = {Sep},
    publisher = {American Physical Society},
    doi = {10.1103/PhysRevD.98.064036},
    url = {https://link.aps.org/doi/10.1103/PhysRevD.98.064036},
}

@article{SMERAK2016,
    title = {Geometry of deformed black holes. I. Majumdar-Papapetrou binary},
    author = {Semer\'ak, O. and Basovn\'{\i}k, M.},
    journal = {Phys. Rev. D},
    volume = {94},
    issue = {4},
    pages = {044006},
    numpages = {18},
    year = {2016},
    month = {Aug},
    publisher = {American Physical Society},
    doi = {10.1103/PhysRevD.94.044006},
    url = {https://link.aps.org/doi/10.1103/PhysRevD.94.044006},
}

@article{RYZNER2015,
    author = "Ryzner, Ji and \v{Z}ofka, Martin",
    title = "{Electrogeodesics in the di-hole Majumdar-Papapetrou spacetime}",
    journal = "Class. Quant. Grav.",
    volume = "32",
    year = "2015",
    number = "20",
    pages = "205010",
    doi = "10.1088/0264-9381/32/20/205010",
    eprint = "1510.02314",
    archivePrefix = "arXiv",
    primaryClass = "gr-qc",
}

@article{BINI2019,
    author = "Bini, Donato and Geralico, Andrea and Gionti, S. J., Gabriele and
              Plastino, Wolfango and Velandia, Nelson",
    title = "{Scattering of uncharged particles in the field of two extremely
             charged black holes}",
    eprint = "1906.01991",
    archivePrefix = "arXiv",
    primaryClass = "gr-qc",
    doi = "10.1007/s10714-019-2642-y",
    journal = "Gen. Rel. Grav.",
    volume = "51",
    number = "11",
    pages = "153",
    year = "2019",
}

@article{FELICE2004,
    doi = {10.1088/0264-9381/21/4/016},
    url = {https://doi.org/10.1088%2F0264-9381%2F21%2F4%2F016},
    year = 2004,
    month = {jan},
    publisher = {{IOP} Publishing},
    volume = {21},
    number = {4},
    pages = {961--973},
    author = {Fernando de Felice and Francesco Sorge and Silvio Zilio},
    title = {Magnetized orbits around a Kerr black hole},
    journal = {Classical and Quantum Gravity},
}

@article{PRASANA1982,
    title = {Negative-energy states for charged particles in magnetic fields on
             the Kerr space-time},
    author = {Prasanna, AR and Dadhich, N},
    journal = {Il Nuovo Cimento B (1971-1996)},
    volume = {72},
    number = {1},
    pages = {42--50},
    year = {1982},
    publisher = {Springer},
}

@article{bhat1985energetics,
    title = {Energetics of the Kerr-Newman black hole by the Penrose process},
    author = {Bhat, Manjiri and Dhurandhar, Sanjeev and Dadhich, Naresh},
    journal = {Journal of Astrophysics and Astronomy},
    volume = {6},
    number = {2},
    pages = {85--100},
    year = {1985},
    publisher = {Springer},
}

@article{parthasarathy1986high,
    title = {High efficiency of the Penrose process of energy extraction from
             rotating black holes immersed in electromagnetic fields},
    author = {Parthasarathy, S and Wagh, SM and Dhurandhar, SV and Dadhich, N},
    journal = {The Astrophysical Journal},
    volume = {307},
    pages = {38--46},
    year = {1986},
}

@article{Wagh1985,
    doi = {10.1086/162952},
    url = {https://doi.org/10.1086/162952},
    year = {1985},
    month = mar,
    publisher = {American Astronomical Society},
    volume = {290},
    pages = {12},
    author = {S. M. Wagh and S. V. Dhurandhar and N. Dadhich},
    title = {Revival of the Penrose process for astrophysical applications},
    journal = {The Astrophysical Journal},
}

@article{PATIL2016,
    title = {Infinite efficiency of the collisional Penrose process: Can a
             overspinning Kerr geometry be the source of ultrahigh-energy cosmic
             rays and neutrinos?},
    author = {Patil, Mandar and Harada, Tomohiro and Nakao, Ken-ichi and Joshi,
              Pankaj S and Kimura, Masashi},
    journal = {Physical Review D},
    volume = {93},
    number = {10},
    pages = {104015},
    year = {2016},
    publisher = {APS},
}

@article{MUKHERJEE2018,
    title = {Collisional Penrose process and jets in Kerr naked singularity},
    author = {Mukherjee, Sajal and Nayak, Rajesh Kumble},
    journal = {Astrophysics and Space Science},
    volume = {363},
    number = {8},
    pages = {163},
    year = {2018},
    publisher = {Springer},
}

@article{STUCHLIK1980,
    title = {Equatorial circular orbits and the motion of the shell of dust in
             the field of a rotating naked singularity},
    author = {Stuchl{\'\i}k, Z},
    journal = {Bulletin of the Astronomical Institutes of Czechoslovakia},
    volume = {31},
    pages = {129--144},
    year = {1980},
}

@article{Schnittman:2018ccg,
    author = "Schnittman, Jeremy D.",
    title = "{The Collisional Penrose Process}",
    eprint = "1910.02800",
    archivePrefix = "arXiv",
    primaryClass = "astro-ph.HE",
    doi = "10.1007/s10714-018-2373-5",
    journal = "Gen. Rel. Grav.",
    volume = "50",
    number = "6",
    pages = "77",
    year = "2018",
}

@article{Tursunov:2019oiq,
    author = "Tursunov, Arman and Dadhich, Naresh",
    title = "{Fifty years of energy extraction from rotating black hole:
             revisiting magnetic Penrose process}",
    eprint = "1905.05321",
    archivePrefix = "arXiv",
    primaryClass = "astro-ph.HE",
    doi = "10.3390/universe5050125",
    journal = "Universe",
    volume = "5",
    number = "5",
    pages = "125",
    year = "2019",
}

@article{Tursunov:2020juz,
    author = "Tursunov, Arman and Stuchl\'\i{}k, Zden\v{e}k and Kolo\v{s},
              Martin and Dadhich, Naresh and Ahmedov, Bobomurat",
    title = "{Supermassive Black Holes as Possible Sources of Ultrahigh-energy
             Cosmic Rays}",
    eprint = "2004.07907",
    archivePrefix = "arXiv",
    primaryClass = "astro-ph.HE",
    doi = "10.3847/1538-4357/ab8ae9",
    journal = "Astrophys. J.",
    volume = "895",
    number = "1",
    pages = "14",
    year = "2020",
}
@article{Parfrey:2018dnc,
    author = "Parfrey, Kyle and Philippov, Alexander and Cerutti, Beno\^\i{}t",
    title = "{First-Principles Plasma Simulations of Black-Hole Jet Launching}",
    eprint = "1810.03613",
    archivePrefix = "arXiv",
    primaryClass = "astro-ph.HE",
    doi = "10.1103/PhysRevLett.122.035101",
    journal = "Phys. Rev. Lett.",
    volume = "122",
    number = "3",
    pages = "035101",
    year = "2019",
}


@article{LIGO_CATALOG,
    author = "Abbott, R. and others",
    collaboration = "LIGO Scientific, VIRGO, KAGRA",
    title = "{GWTC-3: Compact Binary Coalescences Observed by LIGO and Virgo During the Second Part of the Third Observing Run}",
    eprint = "2111.03606",
    archivePrefix = "arXiv",
    primaryClass = "gr-qc",
    reportNumber = "LIGO-P2000318",
    month = "11",
    year = "2021"
}

@misc{LIGO_CATALOG_0,
    title = {GWTC-3: Compact Binary Coalescences Observed by LIGO and Virgo
             During the Second Part of the Third Observing Run},
    author = {R. Abbott et. al.},
    year = {2021},
    eprint = {2111.03606},
    archivePrefix = {arXiv},
    primaryClass = {gr-qc},
}


@article{Cardoso:2018tly,
    author = "Cardoso, Vitor and Dias, \'Oscar J. C. and Hartnett, Gavin S. and
              Middleton, Matthew and Pani, Paolo and Santos, Jorge E.",
    title = "{Constraining the mass of dark photons and axion-like particles
             through black-hole superradiance}",
    eprint = "1801.01420",
    archivePrefix = "arXiv",
    primaryClass = "gr-qc",
    doi = "10.1088/1475-7516/2018/03/043",
    journal = "JCAP",
    volume = "03",
    pages = "043",
    year = "2018",
}

@article{Shipley:2016omi,
    author = "Shipley, Jake and Dolan, Sam R",
    title = "{Binary black hole shadows, chaotic scattering and the Cantor set}",
    eprint = "1603.04469",
    archivePrefix = "arXiv",
    primaryClass = "gr-qc",
    doi = "10.1088/0264-9381/33/17/175001",
    journal = "Class. Quant. Grav.",
    volume = "33",
    number = "17",
    pages = "175001",
    year = "2016",
}

@phdthesis{Shipley:2019kfq,
    author = "Shipley, Jake O.",
    title = "{Strong-field gravitational lensing by black holes}",
    eprint = "1909.04691",
    archivePrefix = "arXiv",
    primaryClass = "gr-qc",
    school = "Sheffield U.",
    year = "2019",
}

@article{Bohn:2014xxa,
    author = "Bohn, Andy and Throwe, William and H\'ebert, Fran and Henriksson,
              Katherine and Bunandar, Darius and Scheel, Mark A. and Taylor,
              Nicholas W.",
    title = "{What does a binary black hole merger look like?}",
    eprint = "1410.7775",
    archivePrefix = "arXiv",
    primaryClass = "gr-qc",
    doi = "10.1088/0264-9381/32/6/065002",
    journal = "Class. Quant. Grav.",
    volume = "32",
    number = "6",
    pages = "065002",
    year = "2015",
}

@article{1975ApJ...196L.107P,
    author = {{Piran}, T. and {Shaham}, J. and {Katz}, J.},
    title = "{High Efficiency of the Penrose Mechanism for Particle Collisions}",
    journal = "Astrophys. J. Lett.",
    year = 1975,
    month = mar,
    volume = {196},
    pages = {L107},
    doi = {10.1086/181755},
    adsurl = {https://ui.adsabs.harvard.edu/abs/1975ApJ...196L.107P},
    adsnote = {Provided by the SAO/NASA Astrophysics Data System},
}

@article{Banados:2009pr,
    author = "Banados, Maximo and Silk, Joseph and West, Stephen M.",
    title = "{Kerr Black Holes as Particle Accelerators to Arbitrarily High
             Energy}",
    eprint = "0909.0169",
    archivePrefix = "arXiv",
    primaryClass = "hep-ph",
    doi = "10.1103/PhysRevLett.103.111102",
    journal = "Phys. Rev. Lett.",
    volume = "103",
    pages = "111102",
    year = "2009",
}

@article{Harada:2014vka,
    author = "Harada, Tomohiro and Kimura, Masashi",
    title = "{Black holes as particle accelerators: a brief review}",
    eprint = "1409.7502",
    archivePrefix = "arXiv",
    primaryClass = "gr-qc",
    reportNumber = "RUP-14-11",
    doi = "10.1088/0264-9381/31/24/243001",
    journal = "Class. Quant. Grav.",
    volume = "31",
    pages = "243001",
    year = "2014",
}

@article{Levin:2008mq,
    author = "Levin, Janna and Perez-Giz, Gabe",
    title = "{A Periodic Table for Black Hole Orbits}",
    eprint = "0802.0459",
    archivePrefix = "arXiv",
    primaryClass = "gr-qc",
    doi = "10.1103/PhysRevD.77.103005",
    journal = "Phys. Rev. D",
    volume = "77",
    pages = "103005",
    year = "2008",
}

@article{Grib:2013hxa,
    author = "Grib, A. A. and Pavlov, Yu. V. and Vertogradov, V. D.",
    title = "{Geodesics with negative energy in the ergosphere of rotating black
             holes}",
    eprint = "1304.7360",
    archivePrefix = "arXiv",
    primaryClass = "gr-qc",
    doi = "10.1142/S0217732314501107",
    journal = "Mod. Phys. Lett. A",
    volume = "29",
    pages = "1450110",
    year = "2014",
}

@article{Zaslavskii:2020crn,
    author = "Zaslavskii, O. B.",
    title = {{Negative energy states in the Reissner\textendash{}Nordstr\"om
             metric}},
    eprint = "2006.02189",
    archivePrefix = "arXiv",
    primaryClass = "gr-qc",
    doi = "10.1142/S0217732321501200",
    journal = "Mod. Phys. Lett. A",
    volume = "36",
    number = "17",
    pages = "2150120",
    year = "2021",
}

@article{gibbons1975,
    author = "Gibbons, G. W.",
    fjournal = "Communications in Mathematical Physics",
    journal = "Comm. Math. Phys.",
    number = "3",
    pages = "245--264",
    publisher = "Springer",
    title = "Vacuum polarization and the spontaneous loss of charge by black
             holes",
    url = "https://projecteuclid.org:443/euclid.cmp/1103899346",
    volume = "44",
    year = "1975",
}

@article{Chrusciel2012,
    author = "Chru{\'{s}}ciel, Piotr T. and Costa, Jo{\~a}o Lopes and Heusler,
              Markus",
    title = "Stationary Black Holes: Uniqueness and Beyond",
    journal = "Living Reviews in Relativity",
    year = "2012",
    month = "May",
    day = "29",
    volume = "15",
    number = "1",
    pages = "7",
    issn = "1433-8351",
    doi = "10.12942/lrr-2012-7",
    url = "https://doi.org/10.12942/lrr-2012-7",
}

@article{PhysRevLett.114.151102,
    title = {No-Hair Theorem for Black Holes in Astrophysical Environments},
    author = {G\"urlebeck, Norman},
    journal = {Phys. Rev. Lett.},
    volume = {114},
    issue = {15},
    pages = {151102},
    numpages = {5},
    year = {2015},
    month = {Apr},
    publisher = {American Physical Society},
    doi = {10.1103/PhysRevLett.114.151102},
    url = {https://link.aps.org/doi/10.1103/PhysRevLett.114.151102},
}

@article{cabrera_metric,
    doi = {10.1016/j.physletb.2018.10.037},
    url = {https://doi.org/10.1016/j.physletb.2018.10.037},
    year = {2018},
    month = nov,
    publisher = {Elsevier {BV}},
    volume = {786},
    pages = {466--471},
    author = {I. Cabrera-Munguia},
    title = {Unequal binary configurations of interacting Kerr black holes},
    journal = {Physics Letters B},
}

@article{manko_ruiz_metric,
    doi = {10.1016/j.physletb.2019.05.027},
    url = {https://doi.org/10.1016/j.physletb.2019.05.027},
    year = {2019},
    month = jul,
    publisher = {Elsevier {BV}},
    volume = {794},
    pages = {36--40},
    author = {V.S. Manko and E. Ruiz},
    title = {Metric for two arbitrary Kerr sources},
    journal = {Physics Letters B},
}

@article{manko_ruiz_thermo,
    title = {Thermodynamics of two aligned Kerr black holes},
    author = {Ram\'{\i}rez-Valdez, C. J. and Garc\'{\i}a-Compe\'an, H. and Manko
              , V. S.},
    journal = {Phys. Rev. D},
    volume = {102},
    issue = {2},
    pages = {024084},
    numpages = {7},
    year = {2020},
    month = {Jul},
    publisher = {American Physical Society},
    doi = {10.1103/PhysRevD.102.024084},
    url = {https://link.aps.org/doi/10.1103/PhysRevD.102.024084},
}

@article{Dubeibe2016,
    title = {Geodesic motion in a stationary dihole spacetime},
    volume = {94},
    ISSN = {2470-0029},
    url = {http://dx.doi.org/10.1103/PhysRevD.94.044058},
    DOI = {10.1103/physrevd.94.044058},
    number = {4},
    journal = {Phys. Rev. D},
    publisher = {American Physical Society (APS)},
    author = {Dubeibe, F. L. and Sanabria-G√≥mez, Jos√© D.},
    year = {2016},
    month = {Aug},
    pages = {-},
}

%%%%
% Aditional penrose papers

@article{DENARDO1974270,
title = {On the generalized ergosphere of the Kerr-Newman geometry},
journal = {Physics Letters B},
volume = {50},
number = {2},
pages = {270-272},
year = {1974},
issn = {0370-2693},
doi = {https://doi.org/10.1016/0370-2693(74)90557-7},
url = {https://www.sciencedirect.com/science/article/pii/0370269374905577},
author = {G. Denardo and L. Hively and R. Ruffini},
abstract = {The formula for the size at the generalized ergosphere given by Denardo and Ruffini for the Reissner-Nordtstr√∏m metric is shown to apply in complete generality to the case of any black hole. The structure of the ergosurface is discussed and analytic formulae are given for various asymptotic limits.}
}

%%%

@ARTICLE{1975ApJ...195L..51H,
   author = {{Hulse}, R.~A. and {Taylor}, J.~H.},
    title = "{Discovery of a pulsar in a binary system}",
  journal = {Astrophys.~J.},
 keywords = {Binary Stars, Orbital Elements, Pulsars, Relativistic Effects, Black Holes (Astronomy), Companion Stars, Eccentric Orbits, Mass Ratios, Neutron Stars, Radial Velocity, Velocity Distribution},
     year = 1975,
    month = jan,
   volume = 195,
    pages = {L51-L53},
      doi = {10.1086/181708},
   adsurl = {http://adsabs.harvard.edu/abs/1975ApJ...195L..51H},
  adsnote = {Provided by the SAO/NASA Astrophysics Data System}
}

@article{Damour:2014tpa,
      author         = "Damour, Thibault",
      title          = "{1974: the discovery of the first binary pulsar}",
      journal        = "Class. Quant. Grav.",
      volume         = "32",
      year           = "2015",
      number         = "12",
      pages          = "124009",
      doi            = "10.1088/0264-9381/32/12/124009",
      eprint         = "1411.3930",
      archivePrefix  = "arXiv",
      primaryClass   = "gr-qc",
      SLACcitation   = "%%CITATION = ARXIV:1411.3930;%%"
}

@article{grav2,
      author         = "Berti, Emanuele",
      title          = "{The First Sounds of Merging Black Holes}",
      journal        = "APS Physics",
      volume         = "9",
      year           = "2016",
      pages          = "17",
      doi            = "10.1103/Physics.9.17",
      eprint         = "1602.04476",
      archivePrefix  = "arXiv",
      primaryClass   = "gr-qc",
      SLACcitation   = "%%CITATION = ARXIV:1602.04476;%%"
}

@article{grav1,
      author         = "Abbott, B. P. and others",
      title          = "{Observation of Gravitational Waves from a Binary Black
                        Hole Merger}",
      collaboration  = "Virgo, LIGO Scientific",
      journal        = "Phys. Rev. Lett.",
      volume         = "116",
      year           = "2016",
      number         = "6",
      pages          = "061102",
      doi            = "10.1103/PhysRevLett.116.061102",
      eprint         = "1602.03837",
      archivePrefix  = "arXiv",
      primaryClass   = "gr-qc",
      reportNumber   = "LIGO-P150914",
      SLACcitation   = "%%CITATION = ARXIV:1602.03837;%%"
}

@article{PhysRevLett.114.151102,
  title = {No-Hair Theorem for Black Holes in Astrophysical Environments},
  author = {G\"urlebeck, Norman},
  journal = {Phys. Rev. Lett.},
  volume = {114},
  issue = {15},
  pages = {151102},
  numpages = {5},
  year = {2015},
  month = {Apr},
  publisher = {American Physical Society},
  doi = {10.1103/PhysRevLett.114.151102},
  url = {https://link.aps.org/doi/10.1103/PhysRevLett.114.151102}
}

@Article{Chrusciel2012,
author="Chru{\'{s}}ciel, Piotr T.
and Costa, Jo{\~a}o Lopes
and Heusler, Markus",
title="Stationary Black Holes: Uniqueness and Beyond",
journal="Living Reviews in Relativity",
year="2012",
month="May",
day="29",
volume="15",
number="1",
pages="7",
abstract="The spectrum of known black-hole solutions to the stationary Einstein equations has been steadily increasing, sometimes in unexpected ways. In particular, it has turned out that not all black-hole-equilibrium configurations are characterized by their mass, angular momentum and global charges. Moreover, the high degree of symmetry displayed by vacuum and electro-vacuum black-hole spacetimes ceases to exist in self-gravitating non-linear field theories. This text aims to review some developments in the subject and to discuss them in light of the uniqueness theorem for the Einstein-Maxwell system.",
issn="1433-8351",
doi="10.12942/lrr-2012-7",
url="https://doi.org/10.12942/lrr-2012-7"
}

@article{gibbons1975,
author = "Gibbons, G. W.",
fjournal = "Communications in Mathematical Physics",
journal = "Comm. Math. Phys.",
number = "3",
pages = "245--264",
publisher = "Springer",
title = "Vacuum polarization and the spontaneous loss of charge by black holes",
url = "https://projecteuclid.org:443/euclid.cmp/1103899346",
volume = "44",
year = "1975"
}

@ARTICLE{1987VA.....30..109H,
   author = {{Hough}, J. and {Meers}, B.~J. and {Newton}, G.~P. and {Robertson}, N.~A. and 
	{Ward}, H. and {Schutz}, B.~F. and {Corbett}, I.~F. and {Drever}, R.~W.~P.
	},
    title = "{Gravitational wave astronomy - Potential and possible realisation}",
  journal = {Vistas in Astronomy},
 keywords = {Gravitational Collapse, Gravitational Wave Antennas, Gravitational Waves, Stellar Radiation, Binary Stars, Computational Astrophysics, Laser Interferometry, Neutron Stars, Pulsars, Supernovae, Thermal Noise},
     year = 1987,
   volume = 30,
    pages = {109-134},
      doi = {10.1016/0083-6656(87)90012-2},
   adsurl = {http://adsabs.harvard.edu/abs/1987VA.....30..109H},
  adsnote = {Provided by the SAO/NASA Astrophysics Data System}
}


@ARTICLE{2009LRRS,
   author = {{Sathyaprakash}, B.~S. and {Schutz}, B.~F.},
    title = "{Physics, Astrophysics and Cosmology with Gravitational Waves}",
  journal = {Living Reviews in Relativity},
archivePrefix = "arXiv",
   eprint = {0903.0338},
 primaryClass = "gr-qc",
 keywords = {Gravitational waves, Gravitational wave sources, Gravitational wave detectors, Data analysis},
     year = 2009,
    month = mar,
   volume = 12,
      eid = {2},
    pages = {2},
      doi = {10.12942/lrr-2009-2},
   adsurl = {http://adsabs.harvard.edu/abs/2009LRR....12....2S},
  adsnote = {Provided by the SAO/NASA Astrophysics Data System}
}

@ARTICLE{2005NJPh....7..204F,
   author = {{Flanagan}, {\'E}.~{\'E}. and {Hughes}, S.~A.},
    title = "{The basics of gravitational wave theory}",
  journal = {New Journal of Physics},
   eprint = {gr-qc/0501041},
     year = 2005,
    month = sep,
   volume = 7,
    pages = {204},
      doi = {10.1088/1367-2630/7/1/204},
   adsurl = {http://adsabs.harvard.edu/abs/2005NJPh....7..204F},
  adsnote = {Provided by the SAO/NASA Astrophysics Data System}
}



@ARTICLE{2017AnP...52900209A,
   author = {{Abbott}, B.~P. and {Abbott}, R. and {Abbott}, T.~D. and {Abernathy}, M.~R. and 
	{Acernese}, F. and {Ackley}, K. and {Adams}, C. and {Adams}, T. and 
	{Addesso}, P. and {Adhikari}, R.~X. and et al.},
    title = "{The basic physics of the binary black hole merger GW150914}",
  journal = {Annalen der Physik},
archivePrefix = "arXiv",
   eprint = {1608.01940},
 primaryClass = "gr-qc",
     year = 2017,
    month = jan,
   volume = 529,
    pages = {1600209},
      doi = {10.1002/andp.201600209},
   adsurl = {http://adsabs.harvard.edu/abs/2017AnP...52900209A},
  adsnote = {Provided by the SAO/NASA Astrophysics Data System}
}


@ARTICLE{2018IJMPA..3330013D,
   author = {{Dirkes}, A.},
    title = "{Gravitational waves {\mdash} A review on the theoretical foundations of gravitational radiation}",
  journal = {International Journal of Modern Physics A},
archivePrefix = "arXiv",
   eprint = {1802.05958},
 primaryClass = "gr-qc",
 keywords = {Gravitational waves, TT-gauge, quadrupole formula, orbital decay, Gravitational waves: theory, Wave propagation and interactions},
     year = 2018,
    month = may,
   volume = 33,
      eid = {1830013},
    pages = {1830013},
      doi = {10.1142/S0217751X18300132},
   adsurl = {http://adsabs.harvard.edu/abs/2018IJMPA..3330013D},
  adsnote = {Provided by the SAO/NASA Astrophysics Data System}
}

@book{creightonbook,
  title={Gravitational-Wave Physics and Astronomy: An Introduction to Theory, Experiment and Data Analysis},
  author={Creighton, J.D.E. and Anderson, W.G.},
  isbn={9783527636044},
  series={Wiley Series in Cosmology},
  url={https://books.google.com.br/books?id=W\_TVS\_6JYJcC},
  year={2012},
  publisher={Wiley}
}

@book{maggiore2008gravitational,
  title={Gravitational Waves: Volume 1: Theory and Experiments},
  author={Maggiore, M. and Oxford University Press},
  isbn={9780198570745},
  lccn={2008270556},
  series={Gravitational Waves},
  url={https://books.google.co.uk/books?id=mk-1DAAAQBAJ},
  year={2008},
  publisher={OUP Oxford}
}

@book{maggiore2018gravitational,
  title={Gravitational Waves: Astrophysics and Cosmology},
  author={Maggiore, M.},
  isbn={9780198570899},
  lccn={2008270556},
  series={Gravitational Waves},
  url={https://books.google.co.uk/books?id=3ZNODwAAQBAJ},
  year={2018},
  publisher={Oxford University Press}
}

@book{chandra,
  title={The Mathematical Theory of Black Holes},
  author={Chandrasekhar, S.},
  isbn={9780198503705},
  lccn={82007920},
  series={Oxford classic texts in the physical sciences},
  url={https://books.google.com.br/books?id=LBOVcrzFfhsC},
  year={1998},
  publisher={Clarendon Press}
}

@article{regge,
      author         = "Regge, Tullio and Wheeler, John A.",
      title          = "{Stability of a Schwarzschild singularity}",
      journal        = "Phys.Rev.",
      volume         = "108",
      pages          = "1063-1069",
      doi            = "10.1103/PhysRev.108.1063",
      year           = "1957",
      SLACcitation   = "%%CITATION = PHRVA,108,1063;%%",
}

@article{vish,
      author         = "Vishveshwara, C.V.",
      title          = "{Scattering of Gravitational Radiation by a Schwarzschild
                        Black-hole}",
      journal        = "Nature",
      volume         = "227",
      pages          = "936-938",
      doi            = "10.1038/227936a0",
      year           = "1970",
      SLACcitation   = "%%CITATION = NATUA,227,936;%%",
}

@article{review1,
      author         = "Kokkotas, Kostas D. and Schmidt, Bernd G.",
      title          = "{Quasinormal modes of stars and black holes}",
      journal        = "Living Rev.Rel.",
      volume         = "2",
      pages          = "2",
      year           = "1999",
}

@article{review2,
      author         = "Nollert, Hans-Peter",
      title          = "{TOPICAL REVIEW: Quasinormal modes: the characteristic
                        `sound' of black holes and neutron stars}",
      journal        = "Class.Quant.Grav.",
      volume         = "16",
      pages          = "R159-R216",
      doi            = "10.1088/0264-9381/16/12/201",
      year           = "1999",
      SLACcitation   = "%%CITATION = CQGRD,16,R159;%%",
}

@article{review3,
      author         = "Berti, Emanuele and Cardoso, Vitor and Starinets, Andrei
                        O.",
      title          = "{Quasinormal modes of black holes and black branes}",
      journal        = "Class.Quant.Grav.",
      volume         = "26",
      pages          = "163001",
      year           = "2009",
}

@ARTICLE{review4,
   author = {{Konoplya}, R.~A. and {Zhidenko}, A.},
    title = "{Quasinormal modes of black holes: From astrophysics to string theory}",
  journal = {Reviews of Modern Physics},
 keywords = {Wave propagation and interactions, Higher-dimensional gravity and other theories of gravity},
     year = 2011,
    month = jul,
   volume = 83,
    pages = {793-836},
}

@ARTICLE{teuko1,
   author = {{Teukolsky}, S.~A.},
    title = "{Perturbations of a Rotating Black Hole. I. Fundamental Equations for Gravitational, Electromagnetic, and Neutrino-Field Perturbations}",
  journal = {Astrophys. J.},
     year = 1973,
    month = oct,
   volume = 185,
    pages = {635-648},
      doi = {10.1086/152444},
   adsurl = {http://adsabs.harvard.edu/abs/1973ApJ...185..635T},
  adsnote = {Provided by the SAO/NASA Astrophysics Data System}
}


@ARTICLE{teuko3,
   author = {{Teukolsky}, S.~A. and {Press}, W.~H.},
    title = "{Perturbations of a rotating black hole. III - Interaction of the hole with gravitational and electromagnetic radiation}",
  journal = {Astrophys. J.},
 keywords = {BLACK HOLES (ASTRONOMY), ELECTROMAGNETIC INTERACTIONS, GRAVITATIONAL WAVES, PERTURBATION THEORY, STELLAR ROTATION, ANGULAR MOMENTUM, ASYMPTOTIC METHODS, BOUNDARY VALUE PROBLEMS, CONSERVATION LAWS, EIGENVALUES, ELECTROMAGNETIC SCATTERING, ENERGY TRANSFER, TABLES (DATA)},
     year = 1974,
    month = oct,
   volume = 193,
    pages = {443-461},
      doi = {10.1086/153180},
   adsurl = {http://adsabs.harvard.edu/abs/1974ApJ...193..443T},
  adsnote = {Provided by the SAO/NASA Astrophysics Data System}
}

@Article{teuko0,
  title = {Rotating Black Holes: Separable Wave Equations for Gravitational and Electromagnetic Perturbations},
  author = {Teukolsky, S. A.},
  journal = {Phys. Rev. Lett.},
  volume = {29},
  pages = {1114--1118},
  year = {1972},
}

@article{mauricio,
  author = {Richartz, Mauricio and Weinfurtner, Silke and Penner, A. J. and Unruh, W. G.},
  volume = {80},
  journal = {Phys. Rev. D},
  month = {Dec},
  numpages = {5},
  title = {Generalized superradiant scattering},
  year = {2009},
  url = {http://link.aps.org/doi/10.1103/PhysRevD.80.124016},
  doi = {10.1103/PhysRevD.80.124016},
  issue = {12},
  publisher = {American Physical Society},
  pages = {124016}
}

@book{frolov1,
  title={Black Hole Physics: Basic Concepts and New Developments},
  author={Frolov, V. and Novikov, I.},
  isbn={9789401151399},
  series={Fundamental Theories of Physics},
  url={https://books.google.com.br/books?id=HEHwCAAAQBAJ},
  year={2012},
  publisher={Springer Netherlands}
}

@book{frolov2,
  title={Introduction to Black Hole Physics},
  author={Frolov, V.P. and Zelnikov, A.},
  isbn={9780191003226},
  url={https://books.google.com.br/books?id=Xb1oAgAAQBAJ},
  year={2011},
  publisher={OUP Oxford}
}

@book{matzner,
  title={Scattering from Black Holes},
  author={Futterman, J.A.H. and Handler, F.A. and Matzner, R.A.},
  isbn={9780521329866},
  lccn={lc86028322},
  series={Arnold and Caroline Rose Monograph Series of the American So},
  url={https://books.google.com.br/books?id=nFij6LVO60YC},
  year={1988},
  publisher={Cambridge University Press}
}

@article{superbook,
      author         = "Brito, Richard and Cardoso, Vitor and Pani, Paolo",
      title          = "{Superradiance}",
      journal        = "Lect. Notes Phys.",
      volume         = "906",
      year           = "2015",
      pages          = "pp.1-237",
      doi            = "10.1007/978-3-319-19000-6",
      eprint         = "1501.06570",
      archivePrefix  = "arXiv",
      primaryClass   = "gr-qc",
      SLACcitation   = "%%CITATION = ARXIV:1501.06570;%%"
}


@book{wald,
  title={General Relativity},
  author={Wald, R.M.},
  isbn={9780226870373},
  url={http://books.google.com.br/books?id=9S-hzg6-moYC},
  year={2010},
  publisher={University of Chicago Press}
}


@book{carroll,
  title={Spacetime and Geometry: An Introduction to General Relativity},
  author={Carroll, S.M.},
  isbn={9780805387322},
  lccn={2004296148},
  url={https://books.google.com.br/books?id=1SKFQgAACAAJ},
  year={2004},
  publisher={Addison Wesley}
}

@article{Krivan:1997hc,
      author         = "Krivan, William and Laguna, Pablo and Papadopoulos,
                        Philippos and Andersson, Nils",
      title          = "{Dynamics of perturbations of rotating black holes}",
      journal        = "Phys. Rev.",
      volume         = "D56",
      year           = "1997",
      pages          = "3395-3404",
      doi            = "10.1103/PhysRevD.56.3395",
      eprint         = "gr-qc/9702048",
      archivePrefix  = "arXiv",
      primaryClass   = "gr-qc",
      reportNumber   = "CGPG-97-3-1",
      SLACcitation   = "%%CITATION = GR-QC/9702048;%%"
}

@article{Krivan:1996da,
      author         = "Krivan, William and Laguna, Pablo and Papadopoulos,
                        Philippos",
      title          = "{Dynamics of scalar fields in the background of rotating
                        black holes}",
      journal        = "Phys. Rev.",
      volume         = "D54",
      year           = "1996",
      pages          = "4728-4734",
      doi            = "10.1103/PhysRevD.54.4728",
      eprint         = "gr-qc/9606003",
      archivePrefix  = "arXiv",
      primaryClass   = "gr-qc",
      reportNumber   = "CGPG-96-9-2",
      SLACcitation   = "%%CITATION = GR-QC/9606003;%%"
}

@article{torres,
      author         = "Torres, Theo and Patrick, Sam and Coutant, Antonin and
                        Richartz, Mauricio and Tedford, Edmund W. and Weinfurtner,
                        Silke",
      title          = "{Observation of superradiance in a vortex flow}",
      journal        = "Nature Phys.",
      volume         = "13",
      year           = "2017",
      pages          = "833-836",
      doi            = "10.1038/nphys4151",
      eprint         = "1612.06180",
      archivePrefix  = "arXiv",
      primaryClass   = "gr-qc",
      SLACcitation   = "%%CITATION = ARXIV:1612.06180;%%"
}


@ARTICLE{unruh2,
   author = {{Sch{\"u}tzhold}, R. and {Unruh}, W.~G.},
    title = "{Gravity wave analogues of black holes}",
  journal = {Phys. Rev. D},
    year = 2002,
    month = aug,
   volume = 66,
   number = 4,
      eid = {044019},
    pages = {044019},
      doi = {10.1103/PhysRevD.66.044019}
}	


@article{unruh,
  title = {Experimental Black-Hole Evaporation?},
  author = {Unruh, W. G.},
  journal = {Phys. Rev. Lett.},
  volume = {46},
  issue = {21},
  pages = {1351--1353},
  numpages = {0},
  year = {1981},
  month = {May},
  publisher = {American Physical Society},
  doi = {10.1103/PhysRevLett.46.1351},
  url = {https://link.aps.org/doi/10.1103/PhysRevLett.46.1351}
}



@ARTICLE{review,
   author = {{Barcel{\'o}}, C. and {Liberati}, S. and {Visser}, M.},
    title = "{Analogue Gravity}",
  journal = {Living Reviews in Relativity},
 keywords = {Analogue gravity, Analog models, Gravity},
     year = 2011,
    month = may,
   volume = 14,
      eid = {3},
    pages = {3},
      doi = {10.12942/lrr-2011-3},
   adsurl = {http://adsabs.harvard.edu/abs/2011LRR....14....3B},
  adsnote = {Provided by the SAO/NASA Astrophysics Data System}
}



@ARTICLE{zeldovich1,
   author = {{Zel'Dovich}, Y.~B.},
    title = "{Generation of Waves by a Rotating Body}",
  journal = {JETP Lett.},
     year = 1971,
    month = aug,
   volume = 14,
    pages = {180},
   adsurl = {http://adsabs.harvard.edu/abs/1971JETPL..14..180Z},
  adsnote = {Provided by the SAO/NASA Astrophysics Data System}
}

@ARTICLE{zeldovich2,
   author = {{Zel'Dovich}, Y.~B.},
    title = "{Amplification of Cylindrical Electromagnetic Waves Reflected from a Rotating Body}",
  journal = {Sov. Phys. JETP},
     year = 1972,
   volume = 35,
    pages = {1085-+},
   adsurl = {http://adsabs.harvard.edu/abs/1972JETP...35.1085Z},
  adsnote = {Provided by the SAO/NASA Astrophysics Data System}
}

@ARTICLE{staro1,
   author = {{Starobinsky}, A.~A.},
    title = "{Amplification of waves during reflection from a rotating ''black hole''}",
  journal = {Sov. Phys. JETP},
     year = 1973,
   volume = 37,
    pages = {28},
}

@ARTICLE{staro2,
   author = {{Starobinsky}, A.~A. and {Churilov}, S.~M.},
    title = "{Amplification of electromagnetic and gravitational waves scattered by a rotating black hole.}",
  journal = "Sov. Phys. JETP",
     year = "1974",
   volume = "38",
    pages = "1--5",
}

@article{misner,
 author = "C. W. Misner",
	journal = "Bull. Am. Phys. Soc.",
	volume = "17",
	pages = "472",
	year = "1972",
}

@Article{basak,
     author    = "Basak, Soumen and Majumdar, Parthasarathi",
     title     = "{`Superresonance' from a rotating acoustic black hole}",
     journal   = "Class. Quant. Grav.",
     volume    = "20",
     year      = "2003",
     pages     = "3907-3914",
}

@article{basak2,
      author         = "Basak, Soumen and Majumdar, Parthasarathi",
      title          = "{Reflection coefficient for superresonant scattering}",
      journal        = "Class. Quant. Grav.",
      volume         = "20",
      pages          = "2929-2936",
      doi            = "10.1088/0264-9381/20/13/335",
      year           = "2003",
}



@ARTICLE{zeldovich3,
   author = {{Zel'dovich}, Y.~B. and {Rozhansky}, L.~V. and {Starobinsky}, A.~A.
	},
    title = "{Rotating bodies and electrodynamics in a rotating coordinate system}",
  journal = {Radiophysics and Quantum Electronics},
     year = 1986,
    month = sep,
   volume = 29,
    pages = {761-768},
      doi = {10.1007/BF01034472},
   adsurl = {http://adsabs.harvard.edu/abs/1986R%26QE...29..761Z},
  adsnote = {Provided by the SAO/NASA Astrophysics Data System}
}

@article{bek_1,
  volume = {58},
  journal = {Phys. Rev. D},
  author = {Bekenstein, Jacob D. and Schiffer, Marcelo},
  doi = {10.1103/PhysRevD.58.064014},
  year = {1998},
  title = {The many faces of superradiance},
  issue = {6},
  publisher = {American Physical Society},
  numpages = {13},
  pages = {064014}
}


@Article{bek_2,
     author    = "Bekenstein, J. D.",
     title     = "{Extraction of energy and charge from a black hole}",
     journal   = "Phys. Rev. D",
     volume    = "7",
     year      = "1973",
     pages     = "949-953",
     doi            = "10.1103/PhysRevD.7.949",
}

@article{press1972floating,
  title={Floating orbits, superradiant scattering and the black-hole bomb},
  author={Press, William H and Teukolsky, Saul A},
  journal={Nature},
  volume={238},
  number={5361},
  pages={211},
  year={1972},
  publisher={Nature Publishing Group}
}

@article{Richartz:2013hza,
      author         = "Richartz, Mauricio and Saa, Alberto",
      title          = "{Superradiance without event horizons in General
                        Relativity}",
      journal        = "Phys. Rev.",
      volume         = "D88",
      year           = "2013",
      pages          = "044008",
      doi            = "10.1103/PhysRevD.88.044008",
      eprint         = "1306.3137",
      archivePrefix  = "arXiv",
      primaryClass   = "gr-qc",
      SLACcitation   = "%%CITATION = ARXIV:1306.3137;%%"
}

@article{Cardoso:2015zqa,
      author         = "Cardoso, Vitor and Brito, Richard and Rosa, Joao L.",
      title          = "{Superradiance in stars}",
      journal        = "Phys. Rev.",
      volume         = "D91",
      year           = "2015",
      number         = "12",
      pages          = "124026",
      doi            = "10.1103/PhysRevD.91.124026",
      eprint         = "1505.05509",
      archivePrefix  = "arXiv",
      primaryClass   = "gr-qc",
      SLACcitation   = "%%CITATION = ARXIV:1505.05509;%%"
}

@article{Richartz:2014lda,
      author         = "Richartz, Mauricio and Prain, Angus and Liberati,
                        Stefano and Weinfurtner, Silke",
      title          = "{Rotating black holes in a draining bathtub: superradiant
                        scattering of gravity waves}",
      journal        = "Phys. Rev.",
      volume         = "D91",
      year           = "2015",
      number         = "12",
      pages          = "124018",
      doi            = "10.1103/PhysRevD.91.124018",
      eprint         = "1411.1662",
      archivePrefix  = "arXiv",
      primaryClass   = "gr-qc",
      SLACcitation   = "%%CITATION = ARXIV:1411.1662;%%"
}

@article{Rosa:2017ury,
      author         = "Rosa, Jo√£o G. and Kephart, Thomas W.",
      title          = "{Stimulated Axion Decay in Superradiant Clouds around
                        Primordial Black Holes}",
      journal        = "Phys. Rev. Lett.",
      volume         = "120",
      year           = "2018",
      number         = "23",
      pages          = "231102",
      doi            = "10.1103/PhysRevLett.120.231102",
      eprint         = "1709.06581",
      archivePrefix  = "arXiv",
      primaryClass   = "gr-qc",
      SLACcitation   = "%%CITATION = ARXIV:1709.06581;%%"
}

@article{Rosa:2016bli,
      author         = "Rosa, Joao G.",
      title          = "{Superradiance in the sky}",
      journal        = "Phys. Rev.",
      volume         = "D95",
      year           = "2017",
      number         = "6",
      pages          = "064017",
      doi            = "10.1103/PhysRevD.95.064017",
      eprint         = "1612.01826",
      archivePrefix  = "arXiv",
      primaryClass   = "gr-qc",
      SLACcitation   = "%%CITATION = ARXIV:1612.01826;%%"
}

@article{Rosa:2015hoa,
      author         = "Rosa, Joao G.",
      title          = "{Testing black hole superradiance with pulsar
                        companions}",
      journal        = "Phys. Lett.",
      volume         = "B749",
      year           = "2015",
      pages          = "226-230",
      doi            = "10.1016/j.physletb.2015.07.063",
      eprint         = "1501.07605",
      archivePrefix  = "arXiv",
      primaryClass   = "gr-qc",
      SLACcitation   = "%%CITATION = ARXIV:1501.07605;%%"
}

@article{Yoshino:2013ofa,
      author         = "Yoshino, Hirotaka and Kodama, Hideo",
      title          = "{Gravitational radiation from an axion cloud around a
                        black hole: Superradiant phase}",
      journal        = "PTEP",
      volume         = "2014",
      year           = "2014",
      pages          = "043E02",
      doi            = "10.1093/ptep/ptu029",
      eprint         = "1312.2326",
      archivePrefix  = "arXiv",
      primaryClass   = "gr-qc",
      reportNumber   = "KEK-TH-1694",
      SLACcitation   = "%%CITATION = ARXIV:1312.2326;%%"
}

@article{Arvanitaki:2009fg,
      author         = "Arvanitaki, Asimina and Dimopoulos, Savas and Dubovsky,
                        Sergei and Kaloper, Nemanja and March-Russell, John",
      title          = "{String Axiverse}",
      journal        = "Phys. Rev.",
      volume         = "D81",
      year           = "2010",
      pages          = "123530",
      doi            = "10.1103/PhysRevD.81.123530",
      eprint         = "0905.4720",
      archivePrefix  = "arXiv",
      primaryClass   = "hep-th",
      SLACcitation   = "%%CITATION = ARXIV:0905.4720;%%"
}

@article{Brito:2017zvb,
      author         = "Brito, Richard and Ghosh, Shrobana and Barausse, Enrico
                        and Berti, Emanuele and Cardoso, Vitor and Dvorkin, Irina
                        and Klein, Antoine and Pani, Paolo",
      title          = "{Gravitational wave searches for ultralight bosons with
                        LIGO and LISA}",
      journal        = "Phys. Rev.",
      volume         = "D96",
      year           = "2017",
      number         = "6",
      pages          = "064050",
      doi            = "10.1103/PhysRevD.96.064050",
      eprint         = "1706.06311",
      archivePrefix  = "arXiv",
      primaryClass   = "gr-qc",
      SLACcitation   = "%%CITATION = ARXIV:1706.06311;%%"
}

@article{herdeiro1,
      author         = "Herdeiro, Carlos A. R. and Radu, Eugen",
      title          = "{Kerr black holes with scalar hair}",
      journal        = "Phys. Rev. Lett.",
      volume         = "112",
      year           = "2014",
      pages          = "221101",
      doi            = "10.1103/PhysRevLett.112.221101",
      eprint         = "1403.2757",
      archivePrefix  = "arXiv",
      primaryClass   = "gr-qc",
      SLACcitation   = "%%CITATION = ARXIV:1403.2757;%%"
}

@article{PENROSE1971,
  doi = {10.1038/physci229177a0},
  url = {https://doi.org/10.1038/physci229177a0},
  year = {1971},
  month = feb,
  publisher = {Springer Nature},
  volume = {229},
  number = {6},
  pages = {177--179},
  author = {R. Penrose and R. M. Floyd},
  title = {Extraction of Rotational Energy from a Black Hole},
  journal = {Nature}
}

@article{RUFFINI1971,
  title = {Reversible Transformations of a Charged Black Hole},
  author = {Christodoulou, Demetrios and Ruffini, Remo},
  journal = {Phys. Rev. D},
  volume = {4},
  issue = {12},
  pages = {3552--3555},
  numpages = {0},
  year = {1971},
  month = {Dec},
  publisher = {American Physical Society},
  doi = {10.1103/PhysRevD.4.3552},
  url = {https://link.aps.org/doi/10.1103/PhysRevD.4.3552}
}

@article{DENARDO1973,
  doi = {10.1016/0370-2693(73)90198-6},
  url = {https://doi.org/10.1016/0370-2693(73)90198-6},
  year = {1973},
  month = jul,
  publisher = {Elsevier {BV}},
  volume = {45},
  number = {3},
  pages = {259--262},
  author = {G. Denardo and R. Ruffini},
  title = {On the energetics of Reissner Nordstr{\o}m geometries},
  journal = {Physics Letters B}
}

@article{MAJUMDAR1947,
  title = {A Class of Exact Solutions of Einstein's Field Equations},
  author = {Majumdar, Sudhansu Datta},
  journal = {Phys. Rev.},
  volume = {72},
  issue = {5},
  pages = {390--398},
  numpages = {0},
  year = {1947},
  month = {Sep},
  publisher = {American Physical Society},
  doi = {10.1103/PhysRev.72.390},
  url = {https://link.aps.org/doi/10.1103/PhysRev.72.390}
}

@article{PAPAPETROU1947,
      author         = "Papaetrou, A.",
      title          = "{A Static solution of the equations of the gravitational
                        field for an arbitrary charge distribution}",
      journal        = "Proc. Roy. Irish Acad.(Sect. A)",
      volume         = "A51",
      year           = "1947",
      pages          = "191-204",
      SLACcitation   = "%%CITATION = PRIAA,A51,191;%%"
}

@article{HARTLE1972,
  doi = {10.1007/bf01645696},
  url = {https://doi.org/10.1007/bf01645696},
  year = {1972},
  month = jun,
  publisher = {Springer Science and Business Media {LLC}},
  volume = {26},
  number = {2},
  pages = {87--101},
  author = {J. B. Hartle and S. W. Hawking},
  title = {Solutions of the Einstein-Maxwell equations with many black holes},
  journal = {Communications in Mathematical Physics}
}

@article{ASSUMPCAO2018,
  title = {Black hole binaries: Ergoregions, photon surfaces, wave scattering, and quasinormal modes},
  author = {Assump\ifmmode\mbox{\c{c}}\else\c{c}\fi{}\~ao, Thiago and Cardoso, Vitor and Ishibashi, Akihiro and Richartz, Maur\'{\i}cio and Zilh\~ao, Miguel},
  journal = {Phys. Rev. D},
  volume = {98},
  issue = {6},
  pages = {064036},
  numpages = {13},
  year = {2018},
  month = {Sep},
  publisher = {American Physical Society},
  doi = {10.1103/PhysRevD.98.064036},
  url = {https://link.aps.org/doi/10.1103/PhysRevD.98.064036}
}

@article{SMERAK2016,
  title = {Geometry of deformed black holes. I. Majumdar-Papapetrou binary},
  author = {Semer\'ak, O. and Basovn\'{\i}k, M.},
  journal = {Phys. Rev. D},
  volume = {94},
  issue = {4},
  pages = {044006},
  numpages = {18},
  year = {2016},
  month = {Aug},
  publisher = {American Physical Society},
  doi = {10.1103/PhysRevD.94.044006},
  url = {https://link.aps.org/doi/10.1103/PhysRevD.94.044006}
}

@article{RYZNER2015,
      author         = "Ryzner, Ji and \v{Z}ofka, Martin",
      title          = "{Electrogeodesics in the di-hole Majumdar-Papapetrou
                        spacetime}",
      journal        = "Class. Quant. Grav.",
      volume         = "32",
      year           = "2015",
      number         = "20",
      pages          = "205010",
      doi            = "10.1088/0264-9381/32/20/205010",
      eprint         = "1510.02314",
      archivePrefix  = "arXiv",
      primaryClass   = "gr-qc"
}

@article{BINI2019,
      author         = "Bini, Donato and Geralico, Andrea and Gionti, Gabriele
                        and Plastino, Wolfango and Velandia, Nelson",
      title          = "{Scattering of uncharged particles in the field of two
                        extremely charged black holes}",
      year           = "2019",
      eprint         = "1906.01991",
      archivePrefix  = "arXiv",
      primaryClass   = "gr-qc"
}

@article{bec,
      author         = "Balbinot, Roberto and Carusotto, Iacopo and Fabbri,
                        Alessandro and Mayoral, Carlos and Recati, Alessio",
      title          = "{Understanding Hawking radiation from simple models of
                        atomic Bose-Einstein condensates}",
      booktitle      = "{Proceedings, 9th SIGRAV Graduate School in Contemporary
                        Relativity and Gravitational Physics on Analogue Gravity
                        Phenomenology: Villa Olmo, Como, Italy, May 16-21, 2011}",
      journal        = "Lect. Notes Phys.",
      volume         = "870",
      year           = "2013",
      pages          = "181-219",
      doi            = "10.1007/978-3-319-00266-8_9",
      eprint         = "1207.2660",
      archivePrefix  = "arXiv",
      primaryClass   = "gr-qc",
      SLACcitation   = "%%CITATION = ARXIV:1207.2660;%%"
}

@article{Wong:2019kru,
      author         = "Wong, Leong Khim",
      title          = "{Superradiant scattering by a black hole binary}",
      year           = "2019",
      eprint         = "1905.08543",
      archivePrefix  = "arXiv",
      primaryClass   = "hep-th",
      SLACcitation   = "%%CITATION = ARXIV:1905.08543;%%"
}

@article{euve,
      author         = "Euv√©, L. -P. and Michel, F. and Parentani, R. and
                        Philbin, T. G. and Rousseaux, G.",
      title          = "{Observation of noise correlated by the Hawking effect in
                        a water tank}",
      journal        = "Phys. Rev. Lett.",
      volume         = "117",
      year           = "2016",
      number         = "12",
      pages          = "121301",
      doi            = "10.1103/PhysRevLett.117.121301",
      eprint         = "1511.08145",
      archivePrefix  = "arXiv",
      primaryClass   = "physics.flu-dyn",
      SLACcitation   = "%%CITATION = ARXIV:1511.08145;%%"
}

@article{rousseaux,
      author         = "Rousseaux, Germain",
      title          = "{The Basics of Water Waves Theory for Analogue Gravity}",
      booktitle      = "{Proceedings, 9th SIGRAV Graduate School in Contemporary
                        Relativity and Gravitational Physics on Analogue Gravity
                        Phenomenology: Villa Olmo, Como, Italy, May 16-21, 2011}",
      journal        = "Lect. Notes Phys.",
      volume         = "870",
      year           = "2013",
      pages          = "81-107",
      doi            = "10.1007/978-3-319-00266-8_5",
      eprint         = "1203.3018",
      archivePrefix  = "arXiv",
      primaryClass   = "physics.flu-dyn",
      SLACcitation   = "%%CITATION = ARXIV:1203.3018;%%"
}

@book{birrell,
      author         = "Birrell, N. D. and Davies, P. C. W.",
      title          = "{Quantum Fields in Curved Space}",
      publisher      = "Cambridge Univ. Press",
      address        = "Cambridge, UK",
      year           = "1984",
      url            = "http://www.cambridge.org/mw/academic/subjects/physics/theoretical-physics-and-mathematical-physics/quantum-fields-curved-space?format=PB",
      series         = "Cambridge Monographs on Mathematical Physics",
      doi            = "10.1017/CBO9780511622632",
      ISBN           = "0521278589, 9780521278584, 9780521278584",
      SLACcitation   = "%%CITATION = INSPIRE-181166;%%"
}

@article{oliveira,
      author         = "Oliveira, Leandro A. and Cardoso, Vitor and Crispino,
                        Lu√≠s C. B.",
      title          = "{Ergoregion instability: The hydrodynamic vortex}",
      journal        = "Phys. Rev.",
      volume         = "D89",
      year           = "2014",
      number         = "12",
      pages          = "124008",
      doi            = "10.1103/PhysRevD.89.124008",
      eprint         = "1405.4038",
      archivePrefix  = "arXiv",
      primaryClass   = "gr-qc",
      SLACcitation   = "%%CITATION = ARXIV:1405.4038;%%"
}

@article{friedman,
      author         = "Friedman, John L.",
      title          = "{Generic instability of rotating relativistic stars}",
      journal        = "Commun. Math. Phys.",
      volume         = "62",
      year           = "1978",
      number         = "3",
      pages          = "247-278",
      doi            = "10.1007/BF01202527",
      SLACcitation   = "%%CITATION = CMPHA,62,247;%%"
}

@article{torres,
      author         = "Torres, Theo and Patrick, Sam and Coutant, Antonin and
                        Richartz, Mauricio and Tedford, Edmund W. and Weinfurtner,
                        Silke",
      title          = "{Observation of superradiance in a vortex flow}",
      journal        = "Nature Phys.",
      volume         = "13",
      year           = "2017",
      pages          = "833-836",
      doi            = "10.1038/nphys4151",
      eprint         = "1612.06180",
      archivePrefix  = "arXiv",
      primaryClass   = "gr-qc",
      SLACcitation   = "%%CITATION = ARXIV:1612.06180;%%"
}

@article{philbin,
      author         = "Philbin, Thomas G. and Kuklewicz, Chris and Robertson,
                        Scott and Hill, Stephen and Konig, Friedrich and
                        Leonhardt, Ulf",
      title          = "{Fiber-optical analogue of the event horizon}",
      journal        = "Science",
      volume         = "319",
      year           = "2008",
      pages          = "1367-1370",
      doi            = "10.1126/science.1153625",
      eprint         = "0711.4796",
      archivePrefix  = "arXiv",
      primaryClass   = "gr-qc",
      SLACcitation   = "%%CITATION = ARXIV:0711.4796;%%"
}

@inproceedings{jacobson2,
      author         = "Jacobson, Ted",
      title          = "{Introduction to quantum fields in curved space-time and
                        the Hawking effect}",
      booktitle      = "{Lectures on quantum gravity. Proceedings, School of
                        Quantum Gravity, Valdivia, Chile, January 4-14, 2002}",
      year           = "2003",
      pages          = "39-89",
      doi            = "10.1007/0-387-24992-3_2",
      eprint         = "gr-qc/0308048",
      archivePrefix  = "arXiv",
      primaryClass   = "gr-qc",
      SLACcitation   = "%%CITATION = GR-QC/0308048;%%"
}

@ARTICLE{unruh2,
   author = {{Sch{\"u}tzhold}, R. and {Unruh}, W.~G.},
    title = "{Gravity wave analogues of black holes}",
  journal = {Phys. Rev. D},
    year = 2002,
    month = aug,
   volume = 66,
   number = 4,
      eid = {044019},
    pages = {044019},
      doi = {10.1103/PhysRevD.66.044019}
}	


@article{steinhauer2,
	Author = {Steinhauer, Jeff},
	Doi = {10.1038/nphys3863},
    Journal = {Nature Phys.},
	Pages = {959-965},
	Primaryclass = {gr-qc},
	Slaccitation = {%%CITATION = ARXIV:1510.00621;%%},
	Title = {{Observation of thermal Hawking radiation and its entanglement in an analogue black hole}},
    Volume = {12},	
	Year = {2016},
	Bdsk-Url-1 = {http://dx.doi.org/10.1038/nphys3863}}


@article{jacobson,
      author         = "Jacobson, Ted",
      title          = "{Black hole radiation in the presence of a short distance
                        cutoff}",
      journal        = "Phys. Rev.",
      volume         = "D48",
      year           = "1993",
      pages          = "728-741",
      doi            = "10.1103/PhysRevD.48.728",
      eprint         = "hep-th/9303103",
      archivePrefix  = "arXiv",
      primaryClass   = "hep-th",
      reportNumber   = "NSF-ITP-93-26, UMD-GR-93-032",
      SLACcitation   = "%%CITATION = HEP-TH/9303103;%%"
}

@article{hawking1,
      author         = "Hawking, S. W.",
      title          = "{Black hole explosions}",
      journal        = "Nature",
      volume         = "248",
      year           = "1974",
      pages          = "30-31",
      doi            = "10.1038/248030a0",
      SLACcitation   = "%%CITATION = NATUA,248,30;%%"
}

@ARTICLE{hawking2,
   author = {{Hawking}, S.~W.},
    title = "{Particle creation by black holes}",
  journal = {Communications in Mathematical Physics},
     year = 1975,
    month = aug,
   volume = 43,
    pages = {199-220},
      doi = {10.1007/BF02345020},
   adsurl = {http://adsabs.harvard.edu/abs/1975CMaPh..43..199H},
  adsnote = {Provided by the SAO/NASA Astrophysics Data System}
}


@article{unruh,
  title = {Experimental Black-Hole Evaporation?},
  author = {Unruh, W. G.},
  journal = {Phys. Rev. Lett.},
  volume = {46},
  issue = {21},
  pages = {1351--1353},
  numpages = {0},
  year = {1981},
  month = {May},
  publisher = {American Physical Society},
  doi = {10.1103/PhysRevLett.46.1351},
  url = {https://link.aps.org/doi/10.1103/PhysRevLett.46.1351}
}


@article{page,
      author         = "Page, Don N.",
      title          = "{Hawking radiation and black hole thermodynamics}",
      journal        = "New J. Phys.",
      volume         = "7",
      year           = "2005",
      pages          = "203",
      doi            = "10.1088/1367-2630/7/1/203",
      eprint         = "hep-th/0409024",
      archivePrefix  = "arXiv",
      primaryClass   = "hep-th",
      reportNumber   = "ALBERTA-THY-18-04",
      SLACcitation   = "%%CITATION = HEP-TH/0409024;%%"
}

@article{unruh00,
  title = {Second quantization in the Kerr metric},
  author = {Unruh, W. G.},
  journal = {Phys. Rev. D},
  volume = {10},
  issue = {10},
  pages = {3194--3205},
  numpages = {0},
  year = {1974},
  month = {Nov},
  publisher = {American Physical Society},
  doi = {10.1103/PhysRevD.10.3194},
  url = {https://link.aps.org/doi/10.1103/PhysRevD.10.3194}
}

@article{ford,
  title = {Quantization of a scalar field in the Kerr spacetime},
  author = {Ford, L. H.},
  journal = {Phys. Rev. D},
  volume = {12},
  issue = {10},
  pages = {2963--2977},
  numpages = {0},
  year = {1975},
  month = {Nov},
  publisher = {American Physical Society},
  doi = {10.1103/PhysRevD.12.2963},
  url = {https://link.aps.org/doi/10.1103/PhysRevD.12.2963}
}


@ARTICLE{review,
   author = {{Barcel{\'o}}, C. and {Liberati}, S. and {Visser}, M.},
    title = "{Analogue Gravity}",
  journal = {Living Reviews in Relativity},
 keywords = {Analogue gravity, Analog models, Gravity},
     year = 2011,
    month = may,
   volume = 14,
      eid = {3},
    pages = {3},
      doi = {10.12942/lrr-2011-3},
   adsurl = {http://adsabs.harvard.edu/abs/2011LRR....14....3B},
  adsnote = {Provided by the SAO/NASA Astrophysics Data System}
}


@INPROCEEDINGS{2010JPhCS.222a2036F,
   author = {{Fagnocchi}, S.},
    title = "{Correlations of Hawking radiation in acoustic black holes}",
booktitle = {Journal of Physics Conference Series},
     year = 2010,
   series = {Journal of Physics Conference Series},
   volume = 222,
    month = apr,
      eid = {012036},
    pages = {012036},
      doi = {10.1088/1742-6596/222/1/012036},
   adsurl = {http://adsabs.harvard.edu/abs/2010JPhCS.222a2036F},
  adsnote = {Provided by the SAO/NASA Astrophysics Data System}
}

@article{Balbinot:2010my,
      author         = "Balbinot, R. and Carusotto, I. and Fabbri, A. and Recati,
                        A.",
      title          = "{Testing Hawking particle creation by black holes through
                        correlation measurements}",
      journal        = "Int. J. Mod. Phys.",
      volume         = "D19",
      year           = "2010",
      pages          = "2371-2377",
      doi            = "10.1142/S0218271810018463",
      eprint         = "1005.4000",
      archivePrefix  = "arXiv",
      primaryClass   = "gr-qc",
      SLACcitation   = "%%CITATION = ARXIV:1005.4000;%%"
}

@article{Balbinot:2007de,
      author         = "Balbinot, Roberto and Fabbri, Alessandro and Fagnocchi,
                        Serena and Recati, Alessio and Carusotto, Iacopo",
      title          = "{Non-local density correlations as signal of Hawking
                        radiation in BEC acoustic black holes}",
      journal        = "Phys. Rev.",
      volume         = "A78",
      year           = "2008",
      pages          = "021603",
      doi            = "10.1103/PhysRevA.78.021603",
      eprint         = "0711.4520",
      archivePrefix  = "arXiv",
      primaryClass   = "cond-mat.other",
      SLACcitation   = "%%CITATION = ARXIV:0711.4520;%%"
}

@article{Carusotto:2008ep,
      author         = "Carusotto, Iacopo and Fagnocchi, Serena and Recati,
                        Alessio and Balbinot, Roberto and Fabbri, Alessandro",
      title          = "{Numerical observation of Hawking radiation from acoustic
                        black holes in atomic BECs}",
      journal        = "New J. Phys.",
      volume         = "10",
      year           = "2008",
      pages          = "103001",
      doi            = "10.1088/1367-2630/10/10/103001",
      eprint         = "0803.0507",
      archivePrefix  = "arXiv",
      primaryClass   = "cond-mat.other",
      SLACcitation   = "%%CITATION = ARXIV:0803.0507;%%"
}


@ARTICLE{zeldovich1,
   author = {{Zel'Dovich}, Y.~B.},
    title = "{Generation of Waves by a Rotating Body}",
  journal = {JETP Lett.},
     year = 1971,
    month = aug,
   volume = 14,
    pages = {180},
   adsurl = {http://adsabs.harvard.edu/abs/1971JETPL..14..180Z},
  adsnote = {Provided by the SAO/NASA Astrophysics Data System}
}

@ARTICLE{zeldovich2,
   author = {{Zel'Dovich}, Y.~B.},
    title = "{Amplification of Cylindrical Electromagnetic Waves Reflected from a Rotating Body}",
  journal = {Sov. Phys. JETP},
     year = 1972,
   volume = 35,
    pages = {1085-+},
   adsurl = {http://adsabs.harvard.edu/abs/1972JETP...35.1085Z},
  adsnote = {Provided by the SAO/NASA Astrophysics Data System}
}

@ARTICLE{staro1,
   author = {{Starobinsky}, A.~A.},
    title = "{Amplification of waves during reflection from a rotating ''black hole''}",
  journal = {Sov. Phys. JETP},
     year = 1973,
   volume = 37,
    pages = {28},
}

@ARTICLE{staro2,
   author = {{Starobinsky}, A.~A. and {Churilov}, S.~M.},
    title = "{Amplification of electromagnetic and gravitational waves scattered by a rotating black hole.}",
  journal = "Sov. Phys. JETP",
     year = "1974",
   volume = "38",
    pages = "1--5",
}

@article{misner,
 author = "C. W. Misner",
	journal = "Bull. Am. Phys. Soc.",
	volume = "17",
	pages = "472",
	year = "1972",
}

@article{corinne,
title = "The Klein paradox and superradiance",
journal = "Annals of Physics",
volume = "181",
number = "2",
pages = "261--283",
year = "1988",
issn = "0003-4916",
doi = "10.1016/0003-4916(88)90167-4",
author = "C. A. Manogue"
}

@article{mauricio2,
      author         = "Richartz, Mauricio and Prain, Angus and Weinfurtner,
                        Silke and Liberati, Stefano",
      title          = "{Superradiant scattering of dispersive fields}",
      journal   = "Class. Quant. Grav.",
      volume    = "30",      
      pages          = "085009",
      doi            = "10.1088/0264-9381/30/8/085009",
      year           = "2013",
      SLACcitation   = "%%CITATION = ARXIV:1208.3601;%%",
}

@Article{basak,
     author    = "Basak, Soumen and Majumdar, Parthasarathi",
     title     = "{`Superresonance' from a rotating acoustic black hole}",
     journal   = "Class. Quant. Grav.",
     volume    = "20",
     year      = "2003",
     pages     = "3907-3914",
}

@article{basak2,
      author         = "Basak, Soumen and Majumdar, Parthasarathi",
      title          = "{Reflection coefficient for superresonant scattering}",
      journal        = "Class. Quant. Grav.",
      volume         = "20",
      pages          = "2929-2936",
      doi            = "10.1088/0264-9381/20/13/335",
      year           = "2003",
}

@article{bek_1,
  volume = {58},
  journal = {Phys. Rev. D},
  author = {Bekenstein, Jacob D. and Schiffer, Marcelo},
  doi = {10.1103/PhysRevD.58.064014},
  year = {1998},
  title = {The many faces of superradiance},
  issue = {6},
  publisher = {American Physical Society},
  numpages = {13},
  pages = {064014}
}

@ARTICLE{zeldovich3,
   author = {{Zel'dovich}, Y.~B. and {Rozhansky}, L.~V. and {Starobinsky}, A.~A.
	},
    title = "{Rotating bodies and electrodynamics in a rotating coordinate system}",
  journal = {Radiophysics and Quantum Electronics},
     year = 1986,
    month = sep,
   volume = 29,
    pages = {761-768},
      doi = {10.1007/BF01034472},
   adsurl = {http://adsabs.harvard.edu/abs/1986R%26QE...29..761Z},
  adsnote = {Provided by the SAO/NASA Astrophysics Data System}
}


@Article{bek_2,
     author    = "Bekenstein, J. D.",
     title     = "{Extraction of energy and charge from a black hole}",
     journal   = "Phys. Rev. D",
     volume    = "7",
     year      = "1973",
     pages     = "949-953",
     doi            = "10.1103/PhysRevD.7.949",
}

@ARTICLE{insta1,
   author = {{Friedman}, J.~L.},
    title = "{Ergosphere instability}",
  journal = {Comm. Math. Phys.},
     year = 1978,
    month = oct,
   volume = 63,
    pages = {243-255},
      doi = {10.1007/BF01196933},
   adsurl = {http://adsabs.harvard.edu/abs/1978CMaPh..63..243F},
  adsnote = {Provided by the SAO/NASA Astrophysics Data System}
}

@ARTICLE{insta2,
   author = {{Comins}, N. and {Schutz}, B.~F.},
    title = "{On the ergoregion instability}",
  journal = {Proc. Royal Society London A},
 keywords = {DWARF STARS, RELATIVISTIC EFFECTS, STELLAR GRAVITATION, STELLAR RADIATION, STELLAR ROTATION, EIGENVALUES, GRAVITATIONAL COLLAPSE, MOTION STABILITY, SCALARS, SPACE-TIME FUNCTIONS, WAVE SCATTERING, WENTZEL-KRAMER-BRILLOUIN METHOD},
     year = 1978,
    month = dec,
   volume = 364,
    pages = {211-226},
      doi = {10.1098/rspa.1978.0196},
   adsurl = {http://adsabs.harvard.edu/abs/1978RSPSA.364..211C},
  adsnote = {Provided by the SAO/NASA Astrophysics Data System}
}

@ARTICLE{insta3,
   author = {{Schutz}, B.~F. and {Comins}, N.},
    title = "{On the existence of ergoregions in rotating stars}",
  journal = {Mon.Not.Roy.Astron.Soc.},
 keywords = {NEUTRON STARS, STELLAR MODELS, STELLAR ROTATION, ASTRONOMICAL MODELS, COSMOLOGY, EQUATIONS OF STATE, STELLAR STRUCTURE},
     year = 1978,
    month = jan,
   volume = 182,
    pages = {69-76},
   adsurl = {http://adsabs.harvard.edu/abs/1978MNRAS.182...69S},
  adsnote = {Provided by the SAO/NASA Astrophysics Data System}
}

@ARTICLE{insta4,
   author = {{Yoshida}, S. and {Eriguchi}, Y.},
    title = "{Ergoregion instability revisited - a new and general method for numerical analysis of stability}",
  journal = {Mon.Not.Roy.Astron.Soc.},
 keywords = {GRAVITATION, INSTABILITIES, RADIATION MECHANISMS: NONTHERMAL, RELATIVITY, METHODS: NUMERICAL, STARS: ROTATION},
     year = 1996,
    month = sep,
   volume = 282,
    pages = {580-586},
   adsurl = {http://adsabs.harvard.edu/abs/1996MNRAS.282..580Y},
  adsnote = {Provided by the SAO/NASA Astrophysics Data System}
}


@ARTICLE{teuko1,
   author = {{Teukolsky}, S.~A.},
    title = "{Perturbations of a Rotating Black Hole. I. Fundamental Equations for Gravitational, Electromagnetic, and Neutrino-Field Perturbations}",
  journal = {Astrophys. J.},
     year = 1973,
    month = oct,
   volume = 185,
    pages = {635-648},
      doi = {10.1086/152444},
   adsurl = {http://adsabs.harvard.edu/abs/1973ApJ...185..635T},
  adsnote = {Provided by the SAO/NASA Astrophysics Data System}
}


@ARTICLE{teuko3,
   author = {{Teukolsky}, S.~A. and {Press}, W.~H.},
    title = "{Perturbations of a rotating black hole. III - Interaction of the hole with gravitational and electromagnetic radiation}",
  journal = {Astrophys. J.},
 keywords = {BLACK HOLES (ASTRONOMY), ELECTROMAGNETIC INTERACTIONS, GRAVITATIONAL WAVES, PERTURBATION THEORY, STELLAR ROTATION, ANGULAR MOMENTUM, ASYMPTOTIC METHODS, BOUNDARY VALUE PROBLEMS, CONSERVATION LAWS, EIGENVALUES, ELECTROMAGNETIC SCATTERING, ENERGY TRANSFER, TABLES (DATA)},
     year = 1974,
    month = oct,
   volume = 193,
    pages = {443-461},
      doi = {10.1086/153180},
   adsurl = {http://adsabs.harvard.edu/abs/1974ApJ...193..443T},
  adsnote = {Provided by the SAO/NASA Astrophysics Data System}
}

@article{mauricio,
  author = {Richartz, Mauricio and Weinfurtner, Silke and Penner, A. J. and Unruh, W. G.},
  volume = {80},
  journal = {Phys. Rev. D},
  month = {Dec},
  numpages = {5},
  title = {Generalized superradiant scattering},
  year = {2009},
  url = {http://link.aps.org/doi/10.1103/PhysRevD.80.124016},
  doi = {10.1103/PhysRevD.80.124016},
  issue = {12},
  publisher = {American Physical Society},
  pages = {124016}
}

@book{exact,
  title={Exact Solutions of Einstein's Field Equations},
  author={Stephani, H. and Kramer, D. and MacCallum, M. and Hoenselaers, C. and Herlt, E.},
  isbn={9781139435024},
  series={Cambridge Monographs on Mathematical Physics},
  url={https://books.google.com.br/books?id=SiWXP8FjTFEC},
  year={2009},
  publisher={Cambridge University Press}
}

@book{chandra,
  title={The Mathematical Theory of Black Holes},
  author={Chandrasekhar, S.},
  isbn={9780198503705},
  lccn={82007920},
  series={Oxford classic texts in the physical sciences},
  url={https://books.google.com.br/books?id=LBOVcrzFfhsC},
  year={1998},
  publisher={Clarendon Press}
}

@book{frolov1,
  title={Black Hole Physics: Basic Concepts and New Developments},
  author={Frolov, V. and Novikov, I.},
  isbn={9789401151399},
  series={Fundamental Theories of Physics},
  url={https://books.google.com.br/books?id=HEHwCAAAQBAJ},
  year={2012},
  publisher={Springer Netherlands}
}

@book{frolov2,
  title={Introduction to Black Hole Physics},
  author={Frolov, V.P. and Zelnikov, A.},
  isbn={9780191003226},
  url={https://books.google.com.br/books?id=Xb1oAgAAQBAJ},
  year={2011},
  publisher={OUP Oxford}
}

@book{matzner,
  title={Scattering from Black Holes},
  author={Futterman, J.A.H. and Handler, F.A. and Matzner, R.A.},
  isbn={9780521329866},
  lccn={lc86028322},
  series={Arnold and Caroline Rose Monograph Series of the American So},
  url={https://books.google.com.br/books?id=nFij6LVO60YC},
  year={1988},
  publisher={Cambridge University Press}
}

@article{superbook,
      author         = "Brito, Richard and Cardoso, Vitor and Pani, Paolo",
      title          = "{Superradiance}",
      journal        = "Lect. Notes Phys.",
      volume         = "906",
      year           = "2015",
      pages          = "pp.1-237",
      doi            = "10.1007/978-3-319-19000-6",
      eprint         = "1501.06570",
      archivePrefix  = "arXiv",
      primaryClass   = "gr-qc",
      SLACcitation   = "%%CITATION = ARXIV:1501.06570;%%"
}


@book{wald,
  title={General Relativity},
  author={Wald, R.M.},
  isbn={9780226870373},
  url={http://books.google.com.br/books?id=9S-hzg6-moYC},
  year={2010},
  publisher={University of Chicago Press}
}

@ARTICLE{wald2,
   author = {{Wald}, R.~M.},
    title = "{Teaching General Relativity}",
  journal = {ArXiv General Relativity and Quantum Cosmology e-prints},
   eprint = {gr-qc/0511073},
 keywords = {General Relativity and Quantum Cosmology},
     year = 2005,
    month = nov,
   adsurl = {http://adsabs.harvard.edu/abs/2005gr.qc....11073W},
  adsnote = {Provided by the SAO/NASA Astrophysics Data System}
}

@book{wasserman,
  title={Tensors and Manifolds: With Applications to Mechanics and Relativity},
  author={Wasserman, R.},
  isbn={9780195065619},
  lccn={lc91019271},
  url={http://books.google.com.br/books?id=Ax1I9r0CjHgC},
  year={1992},
  publisher={Oxford University Press}
}

@article{herdeiro1,
      author         = "Herdeiro, Carlos A. R. and Radu, Eugen",
      title          = "{Kerr black holes with scalar hair}",
      journal        = "Phys. Rev. Lett.",
      volume         = "112",
      year           = "2014",
      pages          = "221101",
      doi            = "10.1103/PhysRevLett.112.221101",
      eprint         = "1403.2757",
      archivePrefix  = "arXiv",
      primaryClass   = "gr-qc",
      SLACcitation   = "%%CITATION = ARXIV:1403.2757;%%"
}

@article{herdeiro2,
      author         = "Herdeiro, Carlos and Radu, Eugen",
      title          = "{Construction and physical properties of Kerr black holes
                        with scalar hair}",
      journal        = "Class. Quant. Grav.",
      volume         = "32",
      year           = "2015",
      number         = "14",
      pages          = "144001",
      doi            = "10.1088/0264-9381/32/14/144001",
      eprint         = "1501.04319",
      archivePrefix  = "arXiv",
      primaryClass   = "gr-qc",
      SLACcitation   = "%%CITATION = ARXIV:1501.04319;%%"
}

@article{richartz_extremal,
      author         = "Richartz, Maur√≠cio",
      title          = "{Quasinormal modes of extremal black holes}",
      year           = "2015",
      eprint         = "1509.04260",
      archivePrefix  = "arXiv",
      primaryClass   = "gr-qc",
      SLACcitation   = "%%CITATION = ARXIV:1509.04260;%%"
}


@article{nohairreview,
      author         = "Herdeiro, Carlos A. R. and Radu, Eugen",
      title          = "{Asymptotically flat black holes with scalar hair: a
                        review}",
      booktitle      = "{Proceedings, 7th Black Holes Workshop 2014}",
      journal        = "Int. J. Mod. Phys.",
      volume         = "D24",
      year           = "2015",
      number         = "09",
      pages          = "1542014",
      doi            = "10.1142/S0218271815420146",
      eprint         = "1504.08209",
      archivePrefix  = "arXiv",
      primaryClass   = "gr-qc",
      SLACcitation   = "%%CITATION = ARXIV:1504.08209;%%"
}

@article{hoda,
      author         = "Hod, Shahar",
      title          = "{Stationary Scalar Clouds Around Rotating Black Holes}",
      journal        = "Phys. Rev.",
      volume         = "D86",
      year           = "2012",
      pages          = "104026",
      doi            = "10.1103/PhysRevD.86.129902, 10.1103/PhysRevD.86.104026",
      note           = "[Erratum: Phys. Rev.D86,129902(2012)]",
      eprint         = "1211.3202",
      archivePrefix  = "arXiv",
      primaryClass   = "gr-qc",
      SLACcitation   = "%%CITATION = ARXIV:1211.3202;%%"
}

@article{hodb,
      author         = "Hod, Shahar",
      title          = "{Stationary resonances of rapidly-rotating Kerr black
                        holes}",
      journal        = "Eur. Phys. J.",
      volume         = "C73",
      year           = "2013",
      number         = "4",
      pages          = "2378",
      doi            = "10.1140/epjc/s10052-013-2378-x",
      eprint         = "1311.5298",
      archivePrefix  = "arXiv",
      primaryClass   = "gr-qc",
      SLACcitation   = "%%CITATION = ARXIV:1311.5298;%%"
}

@article{uniqueness,
      author         = "Chrusciel, Piotr T. and Costa, Joao Lopes and Heusler,
                        Markus",
      title          = "{Stationary Black Holes: Uniqueness and Beyond}",
      journal        = "Living Rev. Rel.",
      volume         = "15",
      year           = "2012",
      pages          = "7",
      doi            = "10.12942/lrr-2012-7",
      eprint         = "1205.6112",
      archivePrefix  = "arXiv",
      primaryClass   = "gr-qc",
      SLACcitation   = "%%CITATION = ARXIV:1205.6112;%%"
}

@incollection{robinson,
year={2013},
booktitle={Four decades of black holes uniqueness theorems},
editor={D. Wiltshire et al.},
title={The Kerr Spacetime: Rotating Black Holes in
General Relativity},
publisher={Cambride University Press},
author={D. Robinson},
pages={115-143},
}

@misc{sitex, 
  title = {{Projeto pedag√≥gico da UFABC}},
  note = {Dispon√≠vel online em \url{http://www.ufabc.edu.br/index.php?option=com_content&view=article&id=21} (consulta realizada em \today)}
}

@book{hartle,
  title={Gravity: An Introduction to Einstein's General Relativity},
  author={Hartle, J.B.},
  isbn={9780805386622},
  lccn={2002151118},
  year={2003},
  publisher={Addison-Wesley}
}

@article{reviewqnm1,
      author         = "Berti, Emanuele and Cardoso, Vitor and Starinets, Andrei
                        O.",
      title          = "{Quasinormal modes of black holes and black branes}",
      journal        = "Class.Quant.Grav.",
      volume         = "26",
      pages          = "163001",
      year           = "2009",
}

@ARTICLE{reviewqnm2,
   author = {{Konoplya}, R.~A. and {Zhidenko}, A.},
    title = "{Quasinormal modes of black holes: From astrophysics to string theory}",
  journal = {Reviews of Modern Physics},
 keywords = {Wave propagation and interactions, Higher-dimensional gravity and other theories of gravity},
     year = 2011,
    month = jul,
   volume = 83,
    pages = {793},
}

@ARTICLE{mauricio_alberto,
   author = {{Richartz}, M. and {Saa}, A.},
    title = "{Challenging the weak cosmic censorship conjecture with charged quantum particles}",
 journal        = "Phys. Rev.",
      volume         = "D84",  
 keywords = {Quantum aspects of black holes evaporation thermodynamics, Singularities and cosmic censorship, Quantum field theory in curved spacetime},
     year = 2011,
    month = nov,
   number = 10,
      eid = {104021},
    pages = {104021},
      doi = {10.1103/PhysRevD.84.104021},
   adsurl = {http://adsabs.harvard.edu/abs/2011PhRvD..84j4021R},
  adsnote = {Provided by the SAO/NASA Astrophysics Data System}
}

@article{wald_stimulated,
  title = {Stimulated-emission effects in particle creation near black holes},
  author = {Wald, Robert M.},
  journal = {Phys. Rev. D},
  volume = {13},
  issue = {12},
  pages = {3176--3182},
  numpages = {0},
  year = {1976},
  month = {Jun},
  publisher = {American Physical Society},
  doi = {10.1103/PhysRevD.13.3176},
  url = {https://link.aps.org/doi/10.1103/PhysRevD.13.3176}
}

@article{ISRAEL1972,
  doi = {10.1063/1.1666066},
  url = {https://doi.org/10.1063/1.1666066},
  year = {1972},
  month = jun,
  publisher = {{AIP} Publishing},
  volume = {13},
  number = {6},
  pages = {865--867},
  author = {Werner Israel and Gordon A. Wilson},
  title = {A Class of Stationary Electromagnetic Vacuum Fields},
  journal = {Journal of Mathematical Physics}
}

@article{PERJES1971,
  doi = {10.1103/physrevlett.27.1668},
  url = {https://doi.org/10.1103/physrevlett.27.1668},
  year = {1971},
  month = dec,
  publisher = {American Physical Society ({APS})},
  volume = {27},
  number = {24},
  pages = {1668--1670},
  author = {Zolt{\'{a}}n Perj{\'{e}}s},
  title = {Solutions of the Coupled Einstein-Maxwell Equations Representing the Fields of Spinning Sources},
  journal = {Physical Review Letters}
}

@article{KOBISKE1974,
  DOI = {10.1103/physrevd.10.2321},
  url = {https://doi.org/10.1103/physrevd.10.2321},
  year = {1974},
  month = oct,
  publisher = {American Physical Society ({APS})},
  volume = {10},
  number = {8},
  pages = {2321--2324},
  author = {Ronald A. Kobiske and Leonard Parker},
  title = {Solution of the Einstein-Maxwell equations for two unequal spinning sources in equilibrium},
  journal = {Physical Review D}
}

@article{URY2010,
  doi = {10.1103/physrevd.82.104054},
  url = {https://doi.org/10.1103/physrevd.82.104054},
  year = {2010},
  month = nov,
  publisher = {American Physical Society ({APS})},
  volume = {82},
  number = {10},
  author = {K{\={o}}ji Ury{\={u}} and Eric Gourgoulhon and Charalampos Markakis},
  title = {Thermodynamics of magnetized binary compact objects},
  journal = {Physical Review D}
}

@article{KASTOR1993,
  doi = {10.1103/physrevd.47.5370},
  url = {https://doi.org/10.1103/physrevd.47.5370},
  year = {1993},
  month = jun,
  publisher = {American Physical Society ({APS})},
  volume = {47},
  number = {12},
  pages = {5370--5375},
  author = {David Kastor and Jennie Traschen},
  title = {Cosmological multi-black-hole solutions},
  journal = {Physical Review D}
}

@article{PORTEGIESZWART2000,
  doi = {10.1142/s0217751x00002135},
  url = {https://doi.org/10.1142/s0217751x00002135},
  year = {2000},
  month = dec,
  publisher = {World Scientific Pub Co Pte Lt},
  volume = {15},
  number = {30},
  pages = {4871--4875},
  author = {SIMON F. PORTEGIES ZWART and STEPHEN L. W. MCMILLAN},
  title = {{GRAVITATIONAL} {THERMODYNAMICS} {AND} {BLACK}-{HOLE} {MERGERS}},
  journal = {International Journal of Modern Physics A}
}

@article{FRIEDMAN2002,
  doi = {10.1103/physrevd.65.064035},
  url = {https://doi.org/10.1103/physrevd.65.064035},
  year = {2002},
  month = mar,
  publisher = {American Physical Society ({APS})},
  volume = {65},
  number = {6},
  author = {John L. Friedman and K{\={o}}ji Ury{\={u}} and Masaru Shibata},
  title = {Thermodynamics of binary black holes and neutron stars},
  journal = {Physical Review D}
}

@article{MANKO2019,
  doi = {10.1016/j.physletb.2019.05.027},
  url = {https://doi.org/10.1016/j.physletb.2019.05.027},
  year = {2019},
  month = jul,
  publisher = {Elsevier {BV}},
  volume = {794},
  pages = {36--40},
  author = {V.S. Manko and E. Ruiz},
  title = {Metric for two arbitrary Kerr sources},
  journal = {Physics Letters B}
}

@article{MANKO2020,
  title = {Thermodynamics of two aligned Kerr black holes},
  author = {Ram\'{\i}rez-Valdez, C. J. and Garc\'{\i}a-Compe\'an, H. and Manko, V. S.},
  journal = {Phys. Rev. D},
  volume = {102},
  issue = {2},
  pages = {024084},
  numpages = {7},
  year = {2020},
  month = {Jul},
  publisher = {American Physical Society},
  doi = {10.1103/PhysRevD.102.024084},
  url = {https://link.aps.org/doi/10.1103/PhysRevD.102.024084}
}

@article{CABRERA2018,
  doi = {10.1016/j.physletb.2018.10.037},
  url = {https://doi.org/10.1016/j.physletb.2018.10.037},
  year = {2018},
  month = nov,
  publisher = {Elsevier {BV}},
  volume = {786},
  pages = {466--471},
  author = {I. Cabrera-Munguia},
  title = {Unequal binary configurations of interacting Kerr black holes},
  journal = {Physics Letters B}
}

@article{Cunha_2018,
   title={Shadows of exact binary black holes},
   volume={98},
   ISSN={2470-0029},
   url={http://dx.doi.org/10.1103/PhysRevD.98.044053},
   DOI={10.1103/physrevd.98.044053},
   number={4},
   journal={Physical Review D},
   publisher={American Physical Society (APS)},
   author={Cunha, Pedro V.‚ÄâP. and Herdeiro, Carlos A.‚ÄâR. and Rodriguez, Maria J.},
   year={2018},
   month={Aug}
}

@article{Cunha_2018_2,
   title={Does the black hole shadow probe the event horizon geometry?},
   volume={97},
   ISSN={2470-0029},
   url={http://dx.doi.org/10.1103/PhysRevD.97.084020},
   DOI={10.1103/physrevd.97.084020},
   number={8},
   journal={Physical Review D},
   publisher={American Physical Society (APS)},
   author={Cunha, Pedro V.‚ÄâP. and Herdeiro, Carlos A.‚ÄâR. and Rodriguez, Maria J.},
   year={2018},
   month={Apr}
}

@article{CHRISTODOULOU1970,
title = {REVERSIBLE AND IRREVERSIBLE TRANSFORMATIONS IN BLACK-HOLE PHYSICS.},
author = {Christodoulou, D.},
abstractNote = {},
doi = {10.1103/PhysRevLett.25.1596},
journal = {Phys. Rev. Lett. 25: 1596-7(30 Nov 1970).},
number = ,
volume = ,
place = {Country unknown/Code not available},
year = {1970},
month = {1}
}

@article{PhysRevLett.114.251103,
  title = {Ultrahigh-Energy Debris from the Collisional Penrose Process},
  author = {Berti, Emanuele and Brito, Richard and Cardoso, Vitor},
  journal = {Phys. Rev. Lett.},
  volume = {114},
  issue = {25},
  pages = {251103},
  numpages = {5},
  year = {2015},
  month = {Jun},
  publisher = {American Physical Society},
  doi = {10.1103/PhysRevLett.114.251103},
  url = {https://link.aps.org/doi/10.1103/PhysRevLett.114.251103}
}

@article{PATIL2016,
  title={Infinite efficiency of the collisional Penrose process: Can a overspinning Kerr geometry be the source of ultrahigh-energy cosmic rays and neutrinos?},
  author={Patil, Mandar and Harada, Tomohiro and Nakao, Ken-ichi and Joshi, Pankaj S and Kimura, Masashi},
  journal={Physical Review D},
  volume={93},
  number={10},
  pages={104015},
  year={2016},
  publisher={APS}
}

@article{MUKHERJEE2018,
  title={Collisional Penrose process and jets in Kerr naked singularity},
  author={Mukherjee, Sajal and Nayak, Rajesh Kumble},
  journal={Astrophysics and Space Science},
  volume={363},
  number={8},
  pages={163},
  year={2018},
  publisher={Springer}
}

@article{STUCHLIK1980,
  title={Equatorial circular orbits and the motion of the shell of dust in the field of a rotating naked singularity},
  author={Stuchl{\'\i}k, Z},
  journal={Bulletin of the Astronomical Institutes of Czechoslovakia},
  volume={31},
  pages={129--144},
  year={1980}
}

@article{PRASANA1982,
  title={Negative-energy states for charged particles in magnetic fields on the Kerr space-time},
  author={Prasanna, AR and Dadhich, N},
  journal={Il Nuovo Cimento B (1971-1996)},
  volume={72},
  number={1},
  pages={42--50},
  year={1982},
  publisher={Springer}
}

@article{FELICE2004,
	doi = {10.1088/0264-9381/21/4/016},
	url = {https://doi.org/10.1088%2F0264-9381%2F21%2F4%2F016},
	year = 2004,
	month = {jan},
	publisher = {{IOP} Publishing},
	volume = {21},
	number = {4},
	pages = {961--973},
	author = {Fernando de Felice and Francesco Sorge and Silvio Zilio},
	title = {Magnetized orbits around a Kerr black hole},
	journal = {Classical and Quantum Gravity}
}

@article{bhat1985energetics,
  title={Energetics of the Kerr-Newman black hole by the Penrose process},
  author={Bhat, Manjiri and Dhurandhar, Sanjeev and Dadhich, Naresh},
  journal={Journal of Astrophysics and Astronomy},
  volume={6},
  number={2},
  pages={85--100},
  year={1985},
  publisher={Springer}
}

@article{parthasarathy1986high,
  title={High efficiency of the Penrose process of energy extraction from rotating black holes immersed in electromagnetic fields},
  author={Parthasarathy, S and Wagh, SM and Dhurandhar, SV and Dadhich, N},
  journal={The Astrophysical Journal},
  volume={307},
  pages={38--46},
  year={1986}
}

@article{Dubeibe2016,
  doi = {10.1103/physrevd.94.044058},
  url = {https://doi.org/10.1103/physrevd.94.044058},
  year = {2016},
  month = aug,
  publisher = {American Physical Society ({APS})},
  volume = {94},
  number = {4},
  author = {F.{\hspace{0.167em}}L. Dubeibe and Jos{\'{e}} D. Sanabria-G{\'{o}}mez},
  title = {Geodesic motion in a stationary dihole spacetime},
  journal = {Physical Review D}
}

@article{BOHN2015,
    author = "Bohn, Andy and Throwe, William and H\'ebert, Fran and Henriksson, Katherine and Bunandar, Darius and Scheel, Mark A. and Taylor, Nicholas W.",
    title = "{What does a binary black hole merger look like?}",
    eprint = "1410.7775",
    archivePrefix = "arXiv",
    primaryClass = "gr-qc",
    doi = "10.1088/0264-9381/32/6/065002",
    journal = "Class. Quant. Grav.",
    volume = "32",
    number = "6",
    pages = "065002",
    year = "2015"
}

@article{VINCENT2012,
   title={3+1 geodesic equation and images in numerical spacetimes},
   volume={29},
   ISSN={1361-6382},
   url={http://dx.doi.org/10.1088/0264-9381/29/24/245005},
   DOI={10.1088/0264-9381/29/24/245005},
   number={24},
   journal={Classical and Quantum Gravity},
   publisher={IOP Publishing},
   author={Vincent, F H and Gourgoulhon, E and Novak, J},
   year={2012},
   month={Nov},
   pages={245005}
}

@Book{BAUMGARTE,
 author = {Baumgarte, Thomas},
 title = {Numerical relativity : solving Einstein's equations on the computer},
 publisher = {Cambridge University Press},
 year = {2010},
 address = {Cambridge, UK New York},
 isbn = {052151407X}
 }

@article{LAURA2019,
  title = {Physics of black hole binaries: Geodesics, relaxation modes, and energy extraction},
  author = {Bernard, Laura and Cardoso, Vitor and Ikeda, Taishi and Zilh\~ao, Miguel},
  journal = {Phys. Rev. D},
  volume = {100},
  issue = {4},
  pages = {044002},
  numpages = {9},
  year = {2019},
  month = {Aug},
  publisher = {American Physical Society},
  doi = {10.1103/PhysRevD.100.044002},
  url = {https://link.aps.org/doi/10.1103/PhysRevD.100.044002}
}