@article{PhysRevD.104.124025,
  title     = {Energy extraction from non-coalescing black hole binaries},
  author    = {Sanches, Lucas Timotheo and Richartz, Maur\'{\i}cio},
  journal   = {Phys. Rev. D},
  volume    = {104},
  issue     = {12},
  pages     = {124025},
  numpages  = {15},
  year      = {2021},
  month     = {Dec},
  publisher = {American Physical Society},
  doi       = {10.1103/PhysRevD.104.124025},
  url       = {https://link.aps.org/doi/10.1103/PhysRevD.104.124025}
}

@article{Sanches2022,
  doi       = {10.21105/joss.04077},
  url       = {https://doi.org/10.21105/joss.04077},
  year      = {2022},
  publisher = {The Open Journal},
  volume    = {7},
  number    = {73},
  pages     = {4077},
  author    = {Lucas Timotheo Sanches},
  title     = {`QuasinormalModes.jl`: A Julia package for computing discrete eigenvalues of second order ODEs},
  journal   = {Journal of Open Source Software}
}

@article{Mamani2022,
  doi       = {10.1140/epjc/s10052-022-10865-1},
  url       = {https://doi.org/10.1140/epjc/s10052-022-10865-1},
  year      = {2022},
  month     = oct,
  publisher = {Springer Science and Business Media {LLC}},
  volume    = {82},
  number    = {10},
  author    = {Luis A. H. Mamani and Angel D. D. Masa and Lucas Timotheo Sanches and Vilson T. Zanchin},
  title     = {Revisiting the quasinormal modes of the Schwarzschild black hole: Numerical analysis},
  journal   = {The European Physical Journal C}
}

@misc{GRLensingRepo,
  author       = {Lucas Timotheo Sanches},
  title        = {GRLensing},
  year         = {2022},
  publisher    = {GitHub},
  journal      = {GitHub repository},
  howpublished = {\url{https://github.com/lucass-carneiro/Non-StaticPenrose}}
}

@misc{QuasinormalModesRepo,
  author       = {Lucas Timotheo Sanches},
  title        = {QuasinormalModes.jl},
  year         = {2022},
  publisher    = {GitHub},
  journal      = {GitHub repository},
  howpublished = {\url{https://github.com/lucass-carneiro/QuasinormalModes.jl}}
}

@misc{QuasinormalModesDocs,
  author       = {Lucas Timotheo Sanches},
  title        = {QuasinormalModes.jl},
  year         = {2022},
  publisher    = {GitHub},
  journal      = {GitHub repository},
  howpublished = {\url{https://lucass-carneiro.github.io/QuasinormalModes.jl/stable/}}
}

@misc{FieldPerturbationsRepo,
  author    = {Lucas Timotheo Sanches},
  title     = {FieldPerturbations},
  year      = {2021},
  publisher = {GitHub},
  journal   = {GitHub repository},
  url       = {https://github.com/lucass-carneiro/FieldPerturbations}
}

@misc{ThesisRepo,
  author       = {Lucas Timotheo Sanches},
  title        = {phd-thesis},
  year         = {2023},
  publisher    = {GitHub},
  journal      = {GitHub repository},
  howpublished = {\url{https://github.com/lucass-carneiro/phd-thesis}}
}