@article{review1,
  title    = {Quasi-{Normal} {Modes} of {Stars} and {Black} {Holes}},
  volume   = {2},
  issn     = {2367-3613, 1433-8351},
  url      = {http://link.springer.com/10.12942/lrr-1999-2},
  doi      = {10.12942/lrr-1999-2},
  language = {en},
  number   = {1},
  urldate  = {2023-04-19},
  journal  = {Living Reviews in Relativity},
  author   = {Kokkotas, Kostas D. and Schmidt, Bernd G.},
  month    = dec,
  year     = {1999},
  pages    = {2}
}

@article{review2,
  title      = {Quasinormal modes: the characteristic `sound' of black holes and neutron stars},
  volume     = {16},
  issn       = {0264-9381, 1361-6382},
  shorttitle = {Quasinormal modes},
  url        = {https://iopscience.iop.org/article/10.1088/0264-9381/16/12/201},
  doi        = {10.1088/0264-9381/16/12/201},
  number     = {12},
  urldate    = {2023-04-19},
  journal    = {Classical and Quantum Gravity},
  author     = {Nollert, Hans-Peter},
  month      = dec,
  year       = {1999},
  pages      = {R159--R216}
}

@article{review3,
  title   = {Quasinormal modes of black holes and black branes},
  volume  = {26},
  issn    = {0264-9381, 1361-6382},
  url     = {https://iopscience.iop.org/article/10.1088/0264-9381/26/16/163001},
  doi     = {10.1088/0264-9381/26/16/163001},
  number  = {16},
  urldate = {2023-04-19},
  journal = {Classical and Quantum Gravity},
  author  = {Berti, Emanuele and Cardoso, Vitor and Starinets, Andrei O},
  month   = aug,
  year    = {2009},
  pages   = {163001}
}

@article{review4,
  title      = {Quasinormal modes of black holes: {From} astrophysics to string theory},
  volume     = {83},
  issn       = {0034-6861, 1539-0756},
  shorttitle = {Quasinormal modes of black holes},
  url        = {https://link.aps.org/doi/10.1103/RevModPhys.83.793},
  doi        = {10.1103/RevModPhys.83.793},
  language   = {en},
  number     = {3},
  urldate    = {2023-04-19},
  journal    = {Reviews of Modern Physics},
  author     = {Konoplya, R. A. and Zhidenko, Alexander},
  month      = jul,
  year       = {2011},
  pages      = {793--836}
}

@article{buonanno,
  title    = {Inspiral, merger, and ring-down of equal-mass black-hole binaries},
  volume   = {75},
  issn     = {1550-7998, 1550-2368},
  url      = {https://link.aps.org/doi/10.1103/PhysRevD.75.124018},
  doi      = {10.1103/PhysRevD.75.124018},
  language = {en},
  number   = {12},
  urldate  = {2023-04-19},
  journal  = {Physical Review D},
  author   = {Buonanno, Alessandra and Cook, Gregory B. and Pretorius, Frans},
  month    = jun,
  year     = {2007},
  pages    = {124018}
}

@article{seidel,
  title   = {Nonlinear impact of perturbation theory on numerical relativity},
  volume  = {21},
  issn    = {0264-9381, 1361-6382},
  url     = {https://iopscience.iop.org/article/10.1088/0264-9381/21/3/021},
  doi     = {10.1088/0264-9381/21/3/021},
  number  = {3},
  urldate = {2023-04-19},
  journal = {Classical and Quantum Gravity},
  author  = {Seidel, Edward},
  month   = feb,
  year    = {2004},
  pages   = {S339--S349}
}

@article{aim_original,
  title   = {Asymptotic iteration method for eigenvalue problems},
  volume  = {36},
  issn    = {0305-4470, 1361-6447},
  url     = {https://iopscience.iop.org/article/10.1088/0305-4470/36/47/008},
  doi     = {10.1088/0305-4470/36/47/008},
  number  = {47},
  urldate = {2023-04-19},
  journal = {Journal of Physics A: Mathematical and General},
  author  = {Ciftci, Hakan and Hall, Richard L and Saad, Nasser},
  month   = nov,
  year    = {2003},
  pages   = {11807--11816}
}

@article{aim_improved,
  title      = {A {New} {Approach} to {Black} {Hole} {Quasinormal} {Modes}: {A} {Review} of the {Asymptotic} {Iteration} {Method}},
  volume     = {2012},
  issn       = {1687-9120, 1687-9139},
  shorttitle = {A {New} {Approach} to {Black} {Hole} {Quasinormal} {Modes}},
  url        = {http://www.hindawi.com/journals/amp/2012/281705/},
  doi        = {10.1155/2012/281705},
  abstract   = {We discuss how to obtain black hole quasinormal modes (QNMs) using the asymptotic iteration method (AIM), initially developed to solve second-order ordinary differential equations. We introduce the standard version of this method and present an improvement more suitable for numerical implementation. We demonstrate that the AIM can be used to find radial QNMs for Schwarzschild, Reissner-Nordström (RN), and Kerr black holes in a unified way. We discuss some advantages of the AIM over the continued fractions method (CFM). This paper presents for the first time the spin 0, 1/2 and 2 QNMs of a Kerr black hole and the gravitational and electromagnetic QNMs of the RN black hole calculated via the AIM and confirms results previously obtained using the CFM. We also present some new results comparing the AIM to the WKB method. Finally we emphasize that the AIM is well suited to higher-dimensional generalizations and we give an example of doubly rotating black holes.},
  language   = {en},
  urldate    = {2023-04-19},
  journal    = {Advances in Mathematical Physics},
  author     = {Cho, H. T. and Cornell, A. S. and Doukas, Jason and Huang, T.-R. and Naylor, Wade},
  year       = {2012},
  pages      = {1--42}
}

@article{Bezanson2017,
  title      = {Julia: {A} {Fresh} {Approach} to {Numerical} {Computing}},
  volume     = {59},
  issn       = {0036-1445, 1095-7200},
  shorttitle = {Julia},
  url        = {https://epubs.siam.org/doi/10.1137/141000671},
  doi        = {10.1137/141000671},
  language   = {en},
  number     = {1},
  urldate    = {2023-04-19},
  journal    = {SIAM Review},
  author     = {Bezanson, Jeff and Edelman, Alan and Karpinski, Stefan and Shah, Viral B.},
  month      = jan,
  year       = {2017},
  pages      = {65--98}
}

@article{qnmspectral,
  title    = {Overdamped modes in {Schwarzschild}-de {Sitter} and a {Mathematica} package for the numerical computation of quasinormal modes},
  volume   = {132},
  issn     = {2190-5444},
  url      = {http://link.springer.com/10.1140/epjp/i2017-11825-9},
  doi      = {10.1140/epjp/i2017-11825-9},
  language = {en},
  number   = {12},
  urldate  = {2023-04-19},
  journal  = {The European Physical Journal Plus},
  author   = {Jansen, Aron},
  month    = dec,
  year     = {2017},
  pages    = {546}
}

@misc{spectralbp,
  title         = {Bernstein spectral method for quasinormal modes and other eigenvalue problems},
  author        = {Sean Fortuna and Ian Vega},
  year          = {2021},
  eprint        = {2003.06232},
  archiveprefix = {arXiv},
  primaryclass  = {gr-qc}
}

@misc{bhpt_quasinormalmodes,
  author    = {O'Toole, Connor and Macedo, Rodrigo and Stratton, Tom and Wardell,
               Barry},
  title     = {QuasiNormalModes},
  year      = {2019},
  publisher = {GitHub},
  journal   = {GitHub repository},
  url       = {https://github.com/BlackHolePerturbationToolkit/QuasiNormalModes}
}

@article{bhpt_qnm,
  doi       = {10.21105/joss.01683},
  url       = {https://doi.org/10.21105/joss.01683},
  year      = {2019},
  month     = oct,
  publisher = {The Open Journal},
  volume    = {4},
  number    = {42},
  pages     = {1683},
  author    = {Leo Stein},
  title     = {qnm: A Python package for calculating Kerr quasinormal modes,  separation constants,  and spherical-spheroidal mixing coefficients},
  journal   = {Journal of Open Source Software}
}

@article{bhpt_qnm,
  title      = {qnm: {A} {Python} package for calculating {Kerr} quasinormal modes, separation constants, and spherical-spheroidal mixing coefficients},
  volume     = {4},
  issn       = {2475-9066},
  shorttitle = {qnm},
  url        = {https://joss.theoj.org/papers/10.21105/joss.01683},
  doi        = {10.21105/joss.01683},
  number     = {42},
  urldate    = {2023-04-19},
  journal    = {Journal of Open Source Software},
  author     = {Stein, Leo},
  month      = oct,
  year       = {2019},
  pages      = {1683}
}

@article{Ismail2020,
  title    = {The asymptotic iteration method revisited},
  volume   = {61},
  issn     = {0022-2488, 1089-7658},
  url      = {http://aip.scitation.org/doi/10.1063/1.5117143},
  doi      = {10.1063/1.5117143},
  language = {en},
  number   = {3},
  urldate  = {2023-04-19},
  journal  = {Journal of Mathematical Physics},
  author   = {Ismail, Mourad E. H. and Saad, Nasser},
  month    = mar,
  year     = {2020},
  pages    = {033501}
}

@misc{BertiQNMData,
  author       = {Emanuele Berti},
  title        = {Ringdown},
  year         = {2022},
  publisher    = {Emanuele Berti},
  journal      = {Personal page},
  howpublished = {\url{https://pages.jh.edu/eberti2/ringdown/}}
}

@article{Shu:2005fw,
  title    = {Quasinormal modes in Schwarzschild black holes due to arbitrary spin fields},
  journal  = {Physics Letters B},
  volume   = {619},
  number   = {3},
  pages    = {340-346},
  year     = {2005},
  issn     = {0370-2693},
  doi      = {https://doi.org/10.1016/j.physletb.2005.05.077},
  url      = {https://www.sciencedirect.com/science/article/pii/S0370269305007628},
  author   = {Fu-Wen Shu and You-Gen Shen},
  keywords = {Schwarzschild black hole, QNMs, Arbitrary spin fields, WKB approximation},
  abstract = {The Newman–Penrose formalism is used to deal with the massless scalar, neutrino, electromagnetic, gravitino and gravitational quasinormal modes (QNMs) in Schwarzschild black holes in a united form. The quasinormal mode frequencies evaluated by using the 3rd-order WKB potential approximation show that the boson perturbations and the fermion perturbations behave in a contrary way for the variation of the oscillation frequencies with spin, while this is no longer true for the damping's, which variate with s in a same way both for boson and fermion perturbations.}
}

@article{Konoplya:2004ip,
  author  = {Konoplya, R. A.},
  title   = {{Quasinormal modes of the Schwarzschild black hole and higher order WKB approach}},
  doi     = {10.30970/jps.08.93},
  journal = {J. Phys. Stud.},
  volume  = {8},
  pages   = {93--100},
  year    = {2004}
}

@article{Konoplya:2004ip,
  title   = {Quasinormal modes of the {Schwarzschild} black hole and higher order {WKB} approach},
  volume  = {8},
  issn    = {10274642, 23100052},
  url     = {http://physics.lnu.edu.ua/jps/2004/1/abs/a93_100.html},
  doi     = {10.30970/jps.08.93},
  number  = {1},
  urldate = {2023-04-19},
  journal = {Journal of Physical Studies},
  author  = {Konoplya, R. A.},
  year    = {2004},
  pages   = {93--100}
}

@article{Cho:2003qe,
  title    = {Dirac quasinormal modes in {Schwarzschild} black hole spacetimes},
  volume   = {68},
  issn     = {0556-2821, 1089-4918},
  url      = {https://link.aps.org/doi/10.1103/PhysRevD.68.024003},
  doi      = {10.1103/PhysRevD.68.024003},
  language = {en},
  number   = {2},
  urldate  = {2023-04-19},
  journal  = {Physical Review D},
  author   = {Cho, H. T.},
  month    = jul,
  year     = {2003},
  pages    = {024003}
}

  @article{Chen:2016qii,
  doi       = {10.1103/physrevd.94.044052},
  url       = {https://doi.org/10.1103/physrevd.94.044052},
  year      = {2016},
  month     = aug,
  publisher = {American Physical Society ({APS})},
  volume    = {94},
  number    = {4},
  author    = {C.-H. Chen and H.{\hspace{0.167em}}T. Cho and A.{\hspace{0.167em}}S. Cornell and G. Harmsen},
  title     = {Spin-$\less$mml:math xmlns:mml="http://www.w3.org/1998/Math/{MathML}" display="inline"$\greater$$\less$mml:mrow$\greater$$\less$mml:mn$\greater$3$\less$/mml:mn$\greater$$\less$mml:mo$\greater$/$\less$/mml:mo$\greater$$\less$mml:mn$\greater$2$\less$/mml:mn$\greater$$\less$/mml:mrow$\greater$$\less$/mml:math$\greater$fields in$\less$mml:math xmlns:mml="http://www.w3.org/1998/Math/{MathML}" display="inline"$\greater$$\less$mml:mi$\greater$D$\less$/mml:mi$\greater$$\less$/mml:math$\greater$-dimensional Schwarzschild black hole spacetimes},
  journal   = {Physical Review D}
}

@article{Shklyar:2009cx,
  doi       = {10.1103/physrevc.82.015203},
  url       = {https://doi.org/10.1103/physrevc.82.015203},
  year      = {2010},
  month     = jul,
  publisher = {American Physical Society ({APS})},
  volume    = {82},
  number    = {1},
  author    = {V. Shklyar and H. Lenske and U. Mosel},
  title     = {Spin-$\less$mml:math xmlns:mml="http://www.w3.org/1998/Math/{MathML}" display="inline"$\greater$$\less$mml:mrow$\greater$$\less$mml:mfrac$\greater$$\less$mml:mrow$\greater$$\less$mml:mn$\greater$5$\less$/mml:mn$\greater$$\less$/mml:mrow$\greater$$\less$mml:mrow$\greater$$\less$mml:mn$\greater$2$\less$/mml:mn$\greater$$\less$/mml:mrow$\greater$$\less$/mml:mfrac$\greater$$\less$/mml:mrow$\greater$$\less$/mml:math$\greater$fields in hadron physics},
  journal   = {Physical Review C}
}

@article{Schwarzschild:1916uq,
  title      = {“{Golden} {Oldie}”: {On} the {Gravitational} {Field} of a {Mass} {Point} {According} to {Einstein}'s {Theory}},
  volume     = {35},
  issn       = {0001-7701, 1572-9532},
  shorttitle = {“{Golden} {Oldie}”},
  url        = {http://link.springer.com/10.1023/A:1022971926521},
  doi        = {10.1023/A:1022971926521},
  language   = {en},
  number     = {5},
  urldate    = {2023-04-19},
  journal    = {General Relativity and Gravitation},
  author     = {Schwarzschild, K.},
  month      = may,
  year       = {2003},
  pages      = {951--959}
}