@article{PhysRevD.52.5428,
  title     = {Evolution of three-dimensional gravitational waves: Harmonic slicing case},
  author    = {Shibata, Masaru and Nakamura, Takashi},
  journal   = {Phys. Rev. D},
  volume    = {52},
  issue     = {10},
  pages     = {5428--5444},
  numpages  = {0},
  year      = {1995},
  month     = {Nov},
  publisher = {American Physical Society},
  doi       = {10.1103/PhysRevD.52.5428},
  url       = {https://link.aps.org/doi/10.1103/PhysRevD.52.5428}
}

@article{PhysRevD.59.024007,
  title     = {Numerical integration of Einstein's field equations},
  author    = {Baumgarte, Thomas W. and Shapiro, Stuart L.},
  journal   = {Phys. Rev. D},
  volume    = {59},
  issue     = {2},
  pages     = {024007},
  numpages  = {7},
  year      = {1998},
  month     = {Dec},
  publisher = {American Physical Society},
  doi       = {10.1103/PhysRevD.59.024007},
  url       = {https://link.aps.org/doi/10.1103/PhysRevD.59.024007}
}

@article{Diener2007,
  doi       = {10.1007/s10915-006-9123-7},
  url       = {https://doi.org/10.1007/s10915-006-9123-7},
  year      = {2007},
  month     = mar,
  publisher = {Springer Science and Business Media {LLC}},
  volume    = {32},
  number    = {1},
  pages     = {109--145},
  author    = {Peter Diener and Ernst Nils Dorband and Erik Schnetter and Manuel Tiglio},
  title     = {Optimized High-Order Derivative and Dissipation Operators Satisfying Summation by Parts,  and Applications in Three-dimensional Multi-block Evolutions},
  journal   = {Journal of Scientific Computing}
}

@misc{EinsteinToolkit:2022_11,
  requested-for = {EinsteinToolkit},
  author        = {Roland Haas and Cheng-Hsin Cheng and Peter Diener and Zachariah Etienne and Giuseppe Ficarra and Taishi Ikeda and Hrishikesh Kalyanaraman and Nadine Kuo and Lisa Leung and Chi Tian and Bing-Jyun "Johnny" Tsao and Allen Wen and Miguel Alcubierre and Daniela Alic and Gabrielle Allen and Marcus Ansorg and Federico G Lopez Armengol and Maria Babiuc-Hamilton and Luca Baiotti and Werner Benger and Eloisa Bentivegna and Sebastiano Bernuzzi and Tanja Bode and Gabriele Bozzola and Steven R. Brandt and Brockton Brendal and Bernd Bruegmann and Manuela Campanelli and Federico Cipolletta and Giovanni Corvino and Samuel Cupp and Roberto De Pietri and Harry Dimmelmeier and Rion Dooley and Nils Dorband and Matthew Elley and Yaakoub El Khamra and Joshua Faber and Toni Font and Joachim Frieben and Bruno Giacomazzo and Tom Goodale and Carsten Gundlach and Ian Hawke and Scott Hawley and Ian Hinder and E. A. Huerta and Sascha Husa and Sai Iyer and Liwei Ji and Daniel Johnson and Abhishek V. Joshi and Wolfgang Kastaun and Thorsten Kellermann and Andrew Knapp and Michael Koppitz and Pablo Laguna and Gerd Lanferman and Frank L{\"o}ffler and Hayley Macpherson and Joan Masso and Lars Menger and Andre Merzky and Jonah Maxwell Miller and Mark Miller and Philipp Moesta and Pedro Montero and Bruno Mundim and Patrick Nelson and Andrea Nerozzi and Scott C. Noble and Christian Ott and Ravi Paruchuri and Denis Pollney and David Radice and Thomas Radke and Christian Reisswig and Luciano Rezzolla and David Rideout and Matei Ripeanu and Lorenzo Sala and Jascha A Schewtschenko and Erik Schnetter and Bernard Schutz and Ed Seidel and Eric Seidel and John Shalf and Ken Sible and Ulrich Sperhake and Nikolaos Stergioulas and Wai-Mo Suen and Bela Szilagyi and Ryoji Takahashi and Michael Thomas and Jonathan Thornburg and Malcolm Tobias and Aaryn Tonita and Paul Walker and Mew-Bing Wan and Barry Wardell and Leonardo Werneck and Helvi Witek and Miguel Zilh{\~a}o and Burkhard Zink and Yosef Zlochower},
  title         = {The Einstein Toolkit},
  month         = oct,
  year          = 2022,
  note          = {To find out more, visit http://einsteintoolkit.org},
  publisher     = {Zenodo},
  version       = {The "Sophie Kowalevski" release, ET\_2022\_11},
  doi           = {10.5281/zenodo.7245853},
  url           = {https://doi.org/10.5281/zenodo.7245853}
}

@misc{Cactuscode:web,
  suggested-for = {Cactus/Cactus},
  title         = {{Cactus Computational Toolkit}},
  key           = {Cactus developers},
  url           = {http://www.cactuscode.org/}
}

@misc{Cactusprize:web,
  suggested-for = {Cactus/Cactus},
  title         = {{Cactus Computational Toolkit Prizes}},
  key           = {Cactus developers},
  url           = {http://cactuscode.org/media/prizes/}
}

@inproceedings{Goodale:2002a,
  suggested-for = {Cactus/Cactus},
  author        = {Tom Goodale and Gabrielle Allen and Gerd Lanfermann
                   and Joan Mass{\'o} and Thomas Radke and Edward
                   Seidel and John Shalf},
  title         = {The {Cactus} Framework and Toolkit: Design and
                   Applications},
  booktitle     = {Vector and Parallel Processing -- VECPAR'2002, 5th
                   International Conference, Lecture Notes in Computer
                   Science},
  year          = 2003,
  address       = {Berlin},
  publisher     = {Springer},
  url           = {http://edoc.mpg.de/3341}
}

@article{PhysRevD.96.104040,
  title     = {Lensing and dynamics of ultracompact bosonic stars},
  author    = {Cunha, Pedro V. P. and Font, Jos\'e A. and Herdeiro, Carlos and Radu, Eugen and Sanchis-Gual, Nicolas and Zilh\~ao, Miguel},
  journal   = {Phys. Rev. D},
  volume    = {96},
  issue     = {10},
  pages     = {104040},
  numpages  = {13},
  year      = {2017},
  month     = {Nov},
  publisher = {American Physical Society},
  doi       = {10.1103/PhysRevD.96.104040},
  url       = {https://link.aps.org/doi/10.1103/PhysRevD.96.104040}
}

@misc{FieldPerturbationsRepo,
  author    = {Lucas Timotheo Sanches},
  title     = {FieldPerturbations},
  year      = {2021},
  publisher = {GitHub},
  journal   = {GitHub repository},
  url       = {https://github.com/lucass-carneiro/FieldPerturbations}
}

@article{PhysRevD.87.043513,
  title     = {Superradiant instabilities in astrophysical systems},
  author    = {Witek, Helvi and Cardoso, Vitor and Ishibashi, Akihiro and Sperhake, Ulrich},
  journal   = {Phys. Rev. D},
  volume    = {87},
  issue     = {4},
  pages     = {043513},
  numpages  = {25},
  year      = {2013},
  month     = {Feb},
  publisher = {American Physical Society},
  doi       = {10.1103/PhysRevD.87.043513},
  url       = {https://link.aps.org/doi/10.1103/PhysRevD.87.043513}
}
