@article{Vincent_2012,
  doi       = {10.1088/0264-9381/29/24/245005},
  url       = {https://dx.doi.org/10.1088/0264-9381/29/24/245005},
  year      = {2012},
  month     = {nov},
  publisher = {IOP Publishing},
  volume    = {29},
  number    = {24},
  pages     = {245005},
  author    = {F H Vincent and E Gourgoulhon and J Novak},
  title     = {3+1 geodesic equation and images in numerical spacetimes},
  journal   = {Classical and Quantum Gravity}
}

@article{Contopoulos1984,
  doi       = {10.1007/bf00764017},
  url       = {https://doi.org/10.1007/bf00764017},
  year      = {1984},
  month     = jan,
  publisher = {Springer Science and Business Media {LLC}},
  volume    = {16},
  number    = {1},
  pages     = {43--70},
  author    = {G. Contopoulos},
  title     = {Orbits through the ergosphere of a Kerr black hole},
  journal   = {General Relativity and Gravitation}
}

@article{Cunha_2018,
  title     = {Shadows of exact binary black holes},
  volume    = {98},
  issn      = {2470-0029},
  url       = {http://dx.doi.org/10.1103/PhysRevD.98.044053},
  doi       = {10.1103/physrevd.98.044053},
  number    = {4},
  journal   = {Physical Review D},
  publisher = {American Physical Society (APS)},
  author    = {Cunha, Pedro V. P. and Herdeiro, Carlos A. R. and Rodriguez, Maria J.},
  year      = {2018},
  month     = {Aug}
}

@article{Cunha_2018_2,
  title     = {Does the black hole shadow probe the event horizon geometry?},
  volume    = {97},
  issn      = {2470-0029},
  url       = {http://dx.doi.org/10.1103/PhysRevD.97.084020},
  doi       = {10.1103/physrevd.97.084020},
  number    = {8},
  journal   = {Physical Review D},
  publisher = {American Physical Society (APS)},
  author    = {Cunha, Pedro V. P. and Herdeiro, Carlos A. R. and Rodriguez, Maria J.},
  year      = {2018},
  month     = {Apr}
}

@article{grav2,
	title = {The {First} {Sounds} of {Merging} {Black} {Holes}},
	volume = {9},
	issn = {1943-2879},
	url = {https://link.aps.org/doi/10.1103/Physics.9.17},
	doi = {10.1103/Physics.9.17},
	language = {en},
	urldate = {2023-04-19},
	journal = {Physics},
	author = {Berti, Emanuele},
	month = feb,
	year = {2016},
	pages = {17},
}

@article{grav1,
	title = {Observation of {Gravitational} {Waves} from a {Binary} {Black} {Hole} {Merger}},
	volume = {116},
	issn = {0031-9007, 1079-7114},
	url = {https://link.aps.org/doi/10.1103/PhysRevLett.116.061102},
	doi = {10.1103/PhysRevLett.116.061102},
	language = {en},
	number = {6},
	urldate = {2023-04-19},
	journal = {Physical Review Letters},
	author = {Abbott, B. P. and others},
	month = feb,
	year = {2016},
	pages = {061102},
}

@article{ISRAEL1972,
  doi       = {10.1063/1.1666066},
  url       = {https://doi.org/10.1063/1.1666066},
  year      = {1972},
  month     = jun,
  publisher = {{AIP} Publishing},
  volume    = {13},
  number    = {6},
  pages     = {865--867},
  author    = {Werner Israel and Gordon A. Wilson},
  title     = {A Class of Stationary Electromagnetic Vacuum Fields},
  journal   = {Journal of Mathematical Physics}
}

@article{PERJES1971,
  doi       = {10.1103/physrevlett.27.1668},
  url       = {https://doi.org/10.1103/physrevlett.27.1668},
  year      = {1971},
  month     = dec,
  publisher = {American Physical Society ({APS})},
  volume    = {27},
  number    = {24},
  pages     = {1668--1670},
  author    = {Zolt{\'{a}}n Perj{\'{e}}s},
  title     = {Solutions of the Coupled Einstein-Maxwell Equations Representing the Fields of Spinning Sources},
  journal   = {Physical Review Letters}
}

@article{CABRERA2018,
  doi       = {10.1016/j.physletb.2018.10.037},
  url       = {https://doi.org/10.1016/j.physletb.2018.10.037},
  year      = {2018},
  month     = nov,
  publisher = {Elsevier {BV}},
  volume    = {786},
  pages     = {466--471},
  author    = {I. Cabrera-Munguia},
  title     = {Unequal binary configurations of interacting Kerr black holes},
  journal   = {Physics Letters B}
}

@article{MANKO2019,
  doi       = {10.1016/j.physletb.2019.05.027},
  url       = {https://doi.org/10.1016/j.physletb.2019.05.027},
  year      = {2019},
  month     = jul,
  publisher = {Elsevier {BV}},
  volume    = {794},
  pages     = {36--40},
  author    = {V.S. Manko and E. Ruiz},
  title     = {Metric for two arbitrary Kerr sources},
  journal   = {Physics Letters B}
}

@article{MANKO2020,
  title     = {Thermodynamics of two aligned Kerr black holes},
  author    = {Ram\'{\i}rez-Valdez, C. J. and Garc\'{\i}a-Compe\'an, H. and Manko, V. S.},
  journal   = {Phys. Rev. D},
  volume    = {102},
  issue     = {2},
  pages     = {024084},
  numpages  = {7},
  year      = {2020},
  month     = {Jul},
  publisher = {American Physical Society},
  doi       = {10.1103/PhysRevD.102.024084},
  url       = {https://link.aps.org/doi/10.1103/PhysRevD.102.024084}
}

@article{1975ApJ...195L..51H,
  author   = {{Hulse}, R.~A. and {Taylor}, J.~H.},
  title    = {{Discovery of a pulsar in a binary system}},
  journal  = {Astrophys.~J.},
  keywords = {Binary Stars, Orbital Elements, Pulsars, Relativistic Effects, Black Holes (Astronomy), Companion Stars, Eccentric Orbits, Mass Ratios, Neutron Stars, Radial Velocity, Velocity Distribution},
  year     = 1975,
  month    = jan,
  volume   = 195,
  pages    = {L51-L53},
  doi      = {10.1086/181708},
  adsurl   = {http://adsabs.harvard.edu/abs/1975ApJ...195L..51H},
  adsnote  = {Provided by the SAO/NASA Astrophysics Data System}
}

@misc{ARKODE,
  doi       = {10.48550/ARXIV.2205.14077},
  url       = {https://arxiv.org/abs/2205.14077},
  author    = {Reynolds,  Daniel R. and Gardner,  David J. and Woodward,  Carol S. and Chinomona,  Rujeko},
  keywords  = {Mathematical Software (cs.MS),  Numerical Analysis (math.NA),  FOS: Computer and information sciences,  FOS: Computer and information sciences,  FOS: Mathematics,  FOS: Mathematics},
  title     = {ARKODE: A flexible IVP solver infrastructure for one-step methods},
  publisher = {arXiv},
  year      = {2022},
  copyright = {arXiv.org perpetual,  non-exclusive license}
}

@article{wald1,
  title     = {Stimulated-emission effects in particle creation near black holes},
  author    = {Wald, Robert M.},
  journal   = {Phys. Rev. D},
  volume    = {13},
  issue     = {12},
  pages     = {3176--3182},
  numpages  = {0},
  year      = {1976},
  month     = {Jun},
  publisher = {American Physical Society},
  doi       = {10.1103/PhysRevD.13.3176},
  url       = {https://link.aps.org/doi/10.1103/PhysRevD.13.3176}
}

@article{Wong:2019kru,
	title = {Superradiant scattering by a black hole binary},
	volume = {100},
	issn = {2470-0010, 2470-0029},
	url = {https://link.aps.org/doi/10.1103/PhysRevD.100.044051},
	doi = {10.1103/PhysRevD.100.044051},
	language = {en},
	number = {4},
	urldate = {2023-04-19},
	journal = {Physical Review D},
	author = {Wong, Leong Khim},
	month = aug,
	year = {2019},
	pages = {044051},
}

@article{Rosa:2015hoa,
  author        = {Rosa, Joao G.},
  title         = {{Testing black hole superradiance with pulsar companions}},
  journal       = {Phys. Lett. B},
  volume        = {749},
  year          = {2015},
  pages         = {226-230},
  doi           = {10.1016/j.physletb.2015.07.063},
  eprint        = {1501.07605},
  archiveprefix = {arXiv},
  primaryclass  = {gr-qc}
}


@article{Rosa:2016bli,
  author        = {Rosa, Joao G.},
  title         = {{Superradiance in the sky}},
  journal       = {Phys. Rev. D},
  volume        = {95},
  year          = {2017},
  number        = {6},
  pages         = {064017},
  doi           = {10.1103/PhysRevD.95.064017},
  eprint        = {1612.01826},
  archiveprefix = {arXiv},
  primaryclass  = {gr-qc}
}


@article{Rosa:2017ury,
  author        = {Rosa, Jo√£o G. and Kephart, Thomas W.},
  title         = {{Stimulated Axion Decay in Superradiant Clouds around Primordial Black Holes}},
  journal       = {Phys. Rev. Lett.},
  volume        = {120},
  year          = {2018},
  number        = {23},
  pages         = {231102},
  doi           = {10.1103/PhysRevLett.120.231102},
  eprint        = {1709.06581},
  archiveprefix = {arXiv},
  primaryclass  = {gr-qc}
}


@article{PhysRevD.100.024037,
  title     = {Superradiant scattering in fluids of light},
  author    = {Prain, Angus and Maitland, Calum and Faccio, Daniele and Marino,
               Francesco},
  journal   = {Phys. Rev. D},
  volume    = {100},
  issue     = {2},
  pages     = {024037},
  numpages  = {11},
  year      = {2019},
  month     = {Jul},
  publisher = {American Physical Society},
  doi       = {10.1103/PhysRevD.100.024037},
  url       = {https://link.aps.org/doi/10.1103/PhysRevD.100.024037}
}

@article{Torres16,
  author        = {Torres, Theo and Patrick, Sam and Coutant, Antonin and Richartz,
                   Mauricio and Tedford, Edmund W. and Weinfurtner, Silke},
  title         = {{Observation of superradiance in a vortex flow}},
  journal       = {Nature Phys.},
  volume        = {13},
  year          = {2017},
  pages         = {833-836},
  doi           = {10.1038/nphys4151},
  eprint        = {1612.06180},
  archiveprefix = {arXiv},
  primaryclass  = {gr-qc}
}

@article{Barcelo:2018ynq,
  author       = {Barcel{\'o}, Carlos},
  title        = {{Analogue black-hole horizons}},
  journal      = {Nature Phys.},
  volume       = {15},
  year         = {2019},
  number       = {3},
  pages        = {210-213},
  doi          = {10.1038/s41567-018-0367-6},
  slaccitation = {%%CITATION = NPAHA,15,210;%%}
}

@article{Barcelo05,
  author  = {Barcel{\'o}, Carlos and Liberati, Stefano and Visser, Matt},
  title   = {Analogue Gravity},
  journal = {Living Reviews in Relativity},
  year    = {2011},
  month   = {May},
  day     = {11},
  volume  = {14},
  number  = {1},
  pages   = {3},
  doi     = {10.12942/lrr-2011-3}
}

@article{Bekenstein:1973mi,
  author       = {Bekenstein, J. D.},
  title        = {{Extraction of energy and charge from a black hole}},
  journal      = {Phys. Rev. D},
  volume       = {7},
  year         = {1973},
  pages        = {949-953},
  doi          = {10.1103/PhysRevD.7.949},
  slaccitation = {%%CITATION = PHRVA,D7,949;%%}
}



@article{Brito:2015oca,
  author        = {Brito, Richard and Cardoso, Vitor and Pani, Paolo},
  title         = {{Superradiance}},
  journal       = {Lect. Notes Phys.},
  volume        = {906},
  year          = {2015},
  pages         = {-},
  doi           = {10.1007/978-3-319-19000-6},
  eprint        = {1501.06570},
  archiveprefix = {arXiv},
  primaryclass  = {gr-qc}
}
@article{Richartz:2009mi,
  author  = {{Richartz}, M. and {Weinfurtner}, S. and {Penner}, A.~J. and {
             Unruh}, W.~G.},
  title   = {{Generalized superradiant scattering}},
  journal = {Phys. Rev. D},
  year    = 2009,
  month   = dec,
  volume  = 80,
  number  = 12,
  eid     = {124016},
  pages   = {124016}
}


@article{zeldovich1,
  adsnote = {Provided by the SAO/NASA Astrophysics Data System},
  adsurl  = {http://adsabs.harvard.edu/abs/1971JETPL..14..180Z},
  author  = {{Zel'Dovich}, Y.~B.},
  journal = {JETP Lett.},
  month   = aug,
  pages   = {180-181},
  title   = {{Generation of Waves by a Rotating Body}},
  volume  = 14,
  year    = 1971
}

@article{zeldovich2,
  adsnote = {Provided by the SAO/NASA Astrophysics Data System},
  adsurl  = {http://adsabs.harvard.edu/abs/1972JETP...35.1085Z},
  author  = {{Zel'Dovich}, Y.~B.},
  journal = {Sov. Phys. JETP},
  pages   = {1085-1087},
  title   = {{Amplification of Cylindrical Electromagnetic Waves Reflected from
             a Rotating Body}},
  volume  = 35,
  year    = 1972
}

@article{staro1,
  author  = {{Starobinsky}, A.~A.},
  journal = {Sov. Phys. JETP},
  pages   = {28-32},
  title   = {{Amplification of waves during reflection from a rotating black hole}},
  volume  = 37,
  year    = 1973
}

@article{staro2,
  author  = {{Starobinsky}, A.~A. and {Churilov}, S.~M.},
  journal = {Sov. Phys. JETP},
  pages   = {1--5},
  title   = {{Amplification of electromagnetic and gravitational waves scattered
             by a rotating black hole.}},
  volume  = {38},
  year    = {1974}
}


@article{Misner,
  author   = {{Misner}, C.},
  title    = {{Stability of Kerr black holes against scalar perturbations}},
  journal  = {Bulletin of the American Physical Society},
  keywords = {KERR BLACK HOLES, SCALAR PERTURBATIONS, WAVES AMPLIFICATION},
  year     = 1972,
  month    = dec,
  volume   = 17,
  pages    = {472},
  adsurl   = {http://adsabs.harvard.edu/abs/1972BAPS...17..472M},
  adsnote  = {Provided by the SAO/NASA Astrophysics Data System}
}

@article{Bambi:2011mj,
author = {Bambi, Cosimo},
title = {TESTING THE KERR BLACK HOLE HYPOTHESIS},
journal = {Modern Physics Letters A},
volume = {26},
number = {33},
pages = {2453-2468},
year = {2011},
doi = {10.1142/S0217732311036929},
URL = { https://doi.org/10.1142/S0217732311036929},
eprint = {https://doi.org/10.1142/S0217732311036929},   
}

@article{Teukolsky:2014vca,
doi = {10.1088/0264-9381/32/12/124006},
url = {https://dx.doi.org/10.1088/0264-9381/32/12/124006},
year = {2015},
month = {jun},
publisher = {IOP Publishing},
volume = {32},
number = {12},
pages = {124006},
author = {Saul A Teukolsky},
title = {The Kerr metric},
journal = {Classical and Quantum Gravity}
}

@misc{Visser:2007fj,
      title={The Kerr spacetime: A brief introduction}, 
      author={Matt Visser},
      year={2008},
      eprint={0706.0622},
      archivePrefix={arXiv},
      primaryClass={gr-qc}
}

@article{berti,
  doi = {10.1007/s10714-019-2622-2},
  url = {https://doi.org/10.1007/s10714-019-2622-2},
  year = {2019},
  month = oct,
  publisher = {Springer Science and Business Media {LLC}},
  volume = {51},
  number = {11},
  author = {Emanuele Berti},
  title = {Topical collection: Testing the Kerr spacetime with gravitational-wave and electromagnetic observations},
  journal = {General Relativity and Gravitation}
}

@article{PhysRevLett.114.251103,
  title     = {Ultrahigh-Energy Debris from the Collisional Penrose Process},
  author    = {Berti, Emanuele and Brito, Richard and Cardoso, Vitor},
  journal   = {Phys. Rev. Lett.},
  volume    = {114},
  issue     = {25},
  pages     = {251103},
  numpages  = {5},
  year      = {2015},
  month     = {Jun},
  publisher = {American Physical Society},
  doi       = {10.1103/PhysRevLett.114.251103},
  url       = {https://link.aps.org/doi/10.1103/PhysRevLett.114.251103}
}

@article{PENROSE1971,
  author  = {{Penrose}, R. and {Floyd}, R.~M.},
  title   = {{Extraction of Rotational Energy from a Black Hole}},
  journal = {Nature Physical Science},
  year    = 1971,
  month   = feb,
  volume  = {229},
  number  = {6},
  pages   = {177-179},
  doi     = {10.1038/physci229177a0},
  adsurl  = {https://ui.adsabs.harvard.edu/abs/1971NPhS..229..177P},
  adsnote = {Provided by the SAO/NASA Astrophysics Data System}
}

@article{CHRISTODOULOU1970,
  title     = {Reversible and Irreversible Transformations in Black-Hole Physics},
  author    = {Christodoulou, Demetrios},
  journal   = {Phys. Rev. Lett.},
  volume    = {25},
  issue     = {22},
  pages     = {1596--1597},
  numpages  = {0},
  year      = {1970},
  month     = {Nov},
  publisher = {American Physical Society},
  doi       = {10.1103/PhysRevLett.25.1596},
  url       = {https://link.aps.org/doi/10.1103/PhysRevLett.25.1596}
}

@article{RUFFINI1971,
  title     = {Reversible Transformations of a Charged Black Hole},
  author    = {Christodoulou, Demetrios and Ruffini, Remo},
  journal   = {Phys. Rev. D},
  volume    = {4},
  issue     = {12},
  pages     = {3552--3555},
  numpages  = {0},
  year      = {1971},
  month     = {Dec},
  publisher = {American Physical Society},
  doi       = {10.1103/PhysRevD.4.3552},
  url       = {https://link.aps.org/doi/10.1103/PhysRevD.4.3552}
}

@article{DENARDO1973,
  doi       = {10.1016/0370-2693(73)90198-6},
  url       = {https://doi.org/10.1016/0370-2693(73)90198-6},
  year      = {1973},
  month     = jul,
  publisher = {Elsevier {BV}},
  volume    = {45},
  number    = {3},
  pages     = {259--262},
  author    = {G. Denardo and R. Ruffini},
  title     = {On the energetics of Reissner Nordstr{\o}m geometries},
  journal   = {Physics Letters B}
}

@article{MAJUMDAR1947,
  title     = {A Class of Exact Solutions of Einstein's Field Equations},
  author    = {Majumdar, Sudhansu Datta},
  journal   = {Phys. Rev.},
  volume    = {72},
  issue     = {5},
  pages     = {390--398},
  numpages  = {0},
  year      = {1947},
  month     = {Sep},
  publisher = {American Physical Society},
  doi       = {10.1103/PhysRev.72.390},
  url       = {https://link.aps.org/doi/10.1103/PhysRev.72.390}
}

@article{PAPAPETROU1947,
  author  = {Papapetrou, A.},
  title   = {{A Static solution of the equations of the gravitational field for
             an arbitrary charge distribution}},
  journal = {Proc. Roy. Irish Acad. (Sect. A)},
  volume  = {51},
  year    = {1947},
  pages   = {191-204}
}

@article{HARTLE1972,
  doi       = {10.1007/bf01645696},
  url       = {https://doi.org/10.1007/bf01645696},
  year      = {1972},
  month     = jun,
  publisher = {Springer Science and Business Media {LLC}},
  volume    = {26},
  number    = {2},
  pages     = {87--101},
  author    = {J. B. Hartle and S. W. Hawking},
  title     = {Solutions of the Einstein-Maxwell equations with many black holes},
  journal   = {Comm. Math. Phys.}
}

@article{ASSUMPCAO2018,
  title     = {Black hole binaries: Ergoregions, photon surfaces, wave scattering,
               and quasinormal modes},
  author    = {Assump\ifmmode\mbox{\c{c}}\else\c{c}\fi{}\~ao, Thiago and Cardoso,
               Vitor and Ishibashi, Akihiro and Richartz, Maur\'{\i}cio and Zilh\~
               ao, Miguel},
  journal   = {Phys. Rev. D},
  volume    = {98},
  issue     = {6},
  pages     = {064036},
  numpages  = {13},
  year      = {2018},
  month     = {Sep},
  publisher = {American Physical Society},
  doi       = {10.1103/PhysRevD.98.064036},
  url       = {https://link.aps.org/doi/10.1103/PhysRevD.98.064036}
}

@article{SMERAK2016,
  title     = {Geometry of deformed black holes. I. Majumdar-Papapetrou binary},
  author    = {Semer\'ak, O. and Basovn\'{\i}k, M.},
  journal   = {Phys. Rev. D},
  volume    = {94},
  issue     = {4},
  pages     = {044006},
  numpages  = {18},
  year      = {2016},
  month     = {Aug},
  publisher = {American Physical Society},
  doi       = {10.1103/PhysRevD.94.044006},
  url       = {https://link.aps.org/doi/10.1103/PhysRevD.94.044006}
}

@article{RYZNER2015,
  doi = {10.1088/0264-9381/32/20/205010},
  url = {https://doi.org/10.1088/0264-9381/32/20/205010},
  year = {2015},
  month = oct,
  publisher = {{IOP} Publishing},
  volume = {32},
  number = {20},
  pages = {205010},
  author = {Ji{\v{r}}{\'{\i}} Ryzner and Martin {\v{Z}}ofka},
  title = {Electrogeodesics in the di-hole Majumdar-Papapetrou spacetime},
  journal = {Classical and Quantum Gravity}
}

@article{BINI2019,
  doi = {10.1007/s10714-019-2642-y},
  url = {https://doi.org/10.1007/s10714-019-2642-y},
  year = {2019},
  month = nov,
  publisher = {Springer Science and Business Media {LLC}},
  volume = {51},
  number = {11},
  author = {Donato Bini and Andrea Geralico and Gabriele Gionti and Wolfango Plastino and Nelson Velandia},
  title = {Scattering of uncharged particles in the field of two extremely charged black holes},
  journal = {General Relativity and Gravitation}
}

@article{FELICE2004,
  doi       = {10.1088/0264-9381/21/4/016},
  url       = {https://doi.org/10.1088%2F0264-9381%2F21%2F4%2F016},
  year      = 2004,
  month     = {jan},
  publisher = {{IOP} Publishing},
  volume    = {21},
  number    = {4},
  pages     = {961--973},
  author    = {Fernando de Felice and Francesco Sorge and Silvio Zilio},
  title     = {Magnetized orbits around a Kerr black hole},
  journal   = {Classical and Quantum Gravity}
}

@article{PRASANA1982,
  title     = {Negative-energy states for charged particles in magnetic fields on
               the Kerr space-time},
  author    = {Prasanna, AR and Dadhich, N},
  journal   = {Il Nuovo Cimento B (1971-1996)},
  volume    = {72},
  number    = {1},
  pages     = {42--50},
  year      = {1982},
  publisher = {Springer}
}

@article{bhat1985energetics,
  title     = {Energetics of the Kerr-Newman black hole by the Penrose process},
  author    = {Bhat, Manjiri and Dhurandhar, Sanjeev and Dadhich, Naresh},
  journal   = {Journal of Astrophysics and Astronomy},
  volume    = {6},
  number    = {2},
  pages     = {85--100},
  year      = {1985},
  publisher = {Springer}
}

@article{parthasarathy1986high,
  title   = {High efficiency of the Penrose process of energy extraction from
             rotating black holes immersed in electromagnetic fields},
  author  = {Parthasarathy, S and Wagh, SM and Dhurandhar, SV and Dadhich, N},
  journal = {The Astrophysical Journal},
  volume  = {307},
  pages   = {38--46},
  year    = {1986}
}

@article{Wagh1985,
  doi       = {10.1086/162952},
  url       = {https://doi.org/10.1086/162952},
  year      = {1985},
  month     = mar,
  publisher = {American Astronomical Society},
  volume    = {290},
  pages     = {12},
  author    = {S. M. Wagh and S. V. Dhurandhar and N. Dadhich},
  title     = {Revival of the Penrose process for astrophysical applications},
  journal   = {The Astrophysical Journal}
}

@article{PATIL2016,
  title     = {Infinite efficiency of the collisional Penrose process: Can a
               overspinning Kerr geometry be the source of ultrahigh-energy cosmic
               rays and neutrinos?},
  author    = {Patil, Mandar and Harada, Tomohiro and Nakao, Ken-ichi and Joshi,
               Pankaj S and Kimura, Masashi},
  journal   = {Physical Review D},
  volume    = {93},
  number    = {10},
  pages     = {104015},
  year      = {2016},
  publisher = {APS}
}

@article{MUKHERJEE2018,
  title     = {Collisional Penrose process and jets in Kerr naked singularity},
  author    = {Mukherjee, Sajal and Nayak, Rajesh Kumble},
  journal   = {Astrophysics and Space Science},
  volume    = {363},
  number    = {8},
  pages     = {163},
  year      = {2018},
  publisher = {Springer}
}

@article{STUCHLIK1980,
  title   = {Equatorial circular orbits and the motion of the shell of dust in
             the field of a rotating naked singularity},
  author  = {Stuchl{\'\i}k, Z},
  journal = {Bulletin of the Astronomical Institutes of Czechoslovakia},
  volume  = {31},
  pages   = {129--144},
  year    = {1980}
}

@article{Schnittman:2018ccg,
  doi = {10.1007/s10714-018-2373-5},
  url = {https://doi.org/10.1007/s10714-018-2373-5},
  year = {2018},
  month = jun,
  publisher = {Springer Science and Business Media {LLC}},
  volume = {50},
  number = {6},
  author = {Jeremy D. Schnittman},
  title = {The collisional Penrose process},
  journal = {General Relativity and Gravitation}
}

@article{Tursunov:2019oiq,
  doi = {10.3390/universe5050125},
  url = {https://doi.org/10.3390/universe5050125},
  year = {2019},
  month = may,
  publisher = {{MDPI} {AG}},
  volume = {5},
  number = {5},
  pages = {125},
  author = {Arman Tursunov and Naresh Dadhich},
  title = {Fifty Years of Energy Extraction from Rotating Black Hole: Revisiting Magnetic Penrose Process},
  journal = {Universe}
}

@article{Tursunov:2020juz,
doi = {10.3847/1538-4357/ab8ae9},
url = {https://dx.doi.org/10.3847/1538-4357/ab8ae9},
year = {2020},
month = {may},
publisher = {The American Astronomical Society},
volume = {895},
number = {1},
pages = {14},
author = {Arman Tursunov and Zdenƒõk Stuchl√≠k and Martin Kolo≈° and Naresh Dadhich and Bobomurat Ahmedov},
title = {Supermassive Black Holes as Possible Sources of Ultrahigh-energy Cosmic Rays},
journal = {The Astrophysical Journal}
}

@article{Parfrey:2018dnc,
  doi = {10.1103/physrevlett.122.035101},
  url = {https://doi.org/10.1103/physrevlett.122.035101},
  year = {2019},
  month = jan,
  publisher = {American Physical Society ({APS})},
  volume = {122},
  number = {3},
  author = {Kyle Parfrey and Alexander Philippov and Beno{\^{\i}}t Cerutti},
  title = {First-Principles Plasma Simulations of Black-Hole Jet Launching},
  journal = {Physical Review Letters}
}

@article{LIGO_CATALOG,
  author        = {Abbott, R. and others},
  collaboration = {LIGO Scientific, VIRGO, KAGRA},
  title         = {{GWTC-3: Compact Binary Coalescences Observed by LIGO and Virgo During the Second Part of the Third Observing Run}},
  eprint        = {2111.03606},
  archiveprefix = {arXiv},
  primaryclass  = {gr-qc},
  reportnumber  = {LIGO-P2000318},
  month         = {11},
  year          = {2021}
}

@misc{LIGO_CATALOG_0,
  title         = {GWTC-3: Compact Binary Coalescences Observed by LIGO and Virgo
                   During the Second Part of the Third Observing Run},
  author        = {R. Abbott et. al.},
  year          = {2021},
  eprint        = {2111.03606},
  archiveprefix = {arXiv},
  primaryclass  = {gr-qc}
}


@article{Cardoso:2018tly,
  author        = {Cardoso, Vitor and Dias, \'Oscar J. C. and Hartnett, Gavin S. and
                   Middleton, Matthew and Pani, Paolo and Santos, Jorge E.},
  title         = {{Constraining the mass of dark photons and axion-like particles
                   through black-hole superradiance}},
  eprint        = {1801.01420},
  archiveprefix = {arXiv},
  primaryclass  = {gr-qc},
  doi           = {10.1088/1475-7516/2018/03/043},
  journal       = {JCAP},
  volume        = {03},
  pages         = {043},
  year          = {2018}
}

@article{Shipley:2016omi,
  doi = {10.1088/0264-9381/33/17/175001},
  url = {https://doi.org/10.1088/0264-9381/33/17/175001},
  year = {2016},
  month = aug,
  publisher = {{IOP} Publishing},
  volume = {33},
  number = {17},
  pages = {175001},
  author = {Jake O Shipley and Sam R Dolan},
  title = {Binary black hole shadows,  chaotic scattering and the Cantor set},
  journal = {Classical and Quantum Gravity}
}

@phdthesis{Shipley:2019kfq,
  author        = {Shipley, Jake O.},
  title         = {{Strong-field gravitational lensing by black holes}},
  eprint        = {1909.04691},
  archiveprefix = {arXiv},
  primaryclass  = {gr-qc},
  school        = {Sheffield U.},
  year          = {2019}
}

@article{Bohn:2014xxa,
  doi = {10.1088/0264-9381/32/6/065002},
  url = {https://doi.org/10.1088/0264-9381/32/6/065002},
  year = {2015},
  month = feb,
  publisher = {{IOP} Publishing},
  volume = {32},
  number = {6},
  pages = {065002},
  author = {Andy Bohn and William Throwe and Fran{\c{c}}ois H{\'{e}}bert and Katherine Henriksson and Darius Bunandar and Mark A Scheel and Nicholas W Taylor},
  title = {What does a binary black hole merger look like?},
  journal = {Classical and Quantum Gravity}
}

@article{1975ApJ...196L.107P,
  author  = {{Piran}, T. and {Shaham}, J. and {Katz}, J.},
  title   = {{High Efficiency of the Penrose Mechanism for Particle Collisions}},
  journal = {Astrophys. J. Lett.},
  year    = 1975,
  month   = mar,
  volume  = {196},
  pages   = {L107},
  doi     = {10.1086/181755},
  adsurl  = {https://ui.adsabs.harvard.edu/abs/1975ApJ...196L.107P},
  adsnote = {Provided by the SAO/NASA Astrophysics Data System}
}

@article{Banados:2009pr,
  author        = {Banados, Maximo and Silk, Joseph and West, Stephen M.},
  title         = {{Kerr Black Holes as Particle Accelerators to Arbitrarily High
                   Energy}},
  eprint        = {0909.0169},
  archiveprefix = {arXiv},
  primaryclass  = {hep-ph},
  doi           = {10.1103/PhysRevLett.103.111102},
  journal       = {Phys. Rev. Lett.},
  volume        = {103},
  pages         = {111102},
  year          = {2009}
}

@article{Harada:2014vka,
  author        = {Harada, Tomohiro and Kimura, Masashi},
  title         = {{Black holes as particle accelerators: a brief review}},
  eprint        = {1409.7502},
  archiveprefix = {arXiv},
  primaryclass  = {gr-qc},
  reportnumber  = {RUP-14-11},
  doi           = {10.1088/0264-9381/31/24/243001},
  journal       = {Class. Quant. Grav.},
  volume        = {31},
  pages         = {243001},
  year          = {2014}
}

@article{Levin:2008mq,
  doi = {10.1103/physrevd.77.103005},
  url = {https://doi.org/10.1103/physrevd.77.103005},
  year = {2008},
  month = may,
  publisher = {American Physical Society ({APS})},
  volume = {77},
  number = {10},
  author = {Janna Levin and Gabe Perez-Giz},
  title = {A periodic table for black hole orbits},
  journal = {Physical Review D}
}

@article{Grib:2013hxa,
  author        = {Grib, A. A. and Pavlov, Yu. V. and Vertogradov, V. D.},
  title         = {{Geodesics with negative energy in the ergosphere of rotating black
                   holes}},
  eprint        = {1304.7360},
  archiveprefix = {arXiv},
  primaryclass  = {gr-qc},
  doi           = {10.1142/S0217732314501107},
  journal       = {Mod. Phys. Lett. A},
  volume        = {29},
  pages         = {1450110},
  year          = {2014}
}

@article{Zaslavskii:2020crn,
  doi = {10.1142/s0217732321501200},
  url = {https://doi.org/10.1142/s0217732321501200},
  year = {2021},
  month = jun,
  publisher = {World Scientific Pub Co Pte Lt},
  volume = {36},
  number = {17},
  pages = {2150120},
  author = {O. B. Zaslavskii},
  title = {Negative energy states in the Reissner{\textendash}Nordstr\"{o}m metric},
  journal = {Modern Physics Letters A}
}

@article{gibbons1975,
  author    = {Gibbons, G. W.},
  fjournal  = {Communications in Mathematical Physics},
  journal   = {Comm. Math. Phys.},
  number    = {3},
  pages     = {245--264},
  publisher = {Springer},
  title     = {Vacuum polarization and the spontaneous loss of charge by black
               holes},
  url       = {https://projecteuclid.org:443/euclid.cmp/1103899346},
  volume    = {44},
  year      = {1975}
}

@article{Chrusciel2012,
  author  = {Chru{\'{s}}ciel, Piotr T. and Costa, Jo{\~a}o Lopes and Heusler,
             Markus},
  title   = {Stationary Black Holes: Uniqueness and Beyond},
  journal = {Living Reviews in Relativity},
  year    = {2012},
  month   = {May},
  day     = {29},
  volume  = {15},
  number  = {1},
  pages   = {7},
  issn    = {1433-8351},
  doi     = {10.12942/lrr-2012-7},
  url     = {https://doi.org/10.12942/lrr-2012-7}
}

@article{PhysRevLett.114.151102,
  title     = {No-Hair Theorem for Black Holes in Astrophysical Environments},
  author    = {G\"urlebeck, Norman},
  journal   = {Phys. Rev. Lett.},
  volume    = {114},
  issue     = {15},
  pages     = {151102},
  numpages  = {5},
  year      = {2015},
  month     = {Apr},
  publisher = {American Physical Society},
  doi       = {10.1103/PhysRevLett.114.151102},
  url       = {https://link.aps.org/doi/10.1103/PhysRevLett.114.151102}
}

@article{cabrera_metric,
  doi       = {10.1016/j.physletb.2018.10.037},
  url       = {https://doi.org/10.1016/j.physletb.2018.10.037},
  year      = {2018},
  month     = nov,
  publisher = {Elsevier {BV}},
  volume    = {786},
  pages     = {466--471},
  author    = {I. Cabrera-Munguia},
  title     = {Unequal binary configurations of interacting Kerr black holes},
  journal   = {Physics Letters B}
}

@article{manko_ruiz_metric,
  doi       = {10.1016/j.physletb.2019.05.027},
  url       = {https://doi.org/10.1016/j.physletb.2019.05.027},
  year      = {2019},
  month     = jul,
  publisher = {Elsevier {BV}},
  volume    = {794},
  pages     = {36--40},
  author    = {V.S. Manko and E. Ruiz},
  title     = {Metric for two arbitrary Kerr sources},
  journal   = {Physics Letters B}
}

@article{manko_ruiz_thermo,
  title     = {Thermodynamics of two aligned Kerr black holes},
  author    = {Ram\'{\i}rez-Valdez, C. J. and Garc\'{\i}a-Compe\'an, H. and Manko
               , V. S.},
  journal   = {Phys. Rev. D},
  volume    = {102},
  issue     = {2},
  pages     = {024084},
  numpages  = {7},
  year      = {2020},
  month     = {Jul},
  publisher = {American Physical Society},
  doi       = {10.1103/PhysRevD.102.024084},
  url       = {https://link.aps.org/doi/10.1103/PhysRevD.102.024084}
}

@article{Dubeibe2016,
  title     = {Geodesic motion in a stationary dihole spacetime},
  volume    = {94},
  issn      = {2470-0029},
  url       = {http://dx.doi.org/10.1103/PhysRevD.94.044058},
  doi       = {10.1103/physrevd.94.044058},
  number    = {4},
  journal   = {Phys. Rev. D},
  publisher = {American Physical Society (APS)},
  author    = {Dubeibe, F. L. and Sanabria-G√≥mez, Jos√© D.},
  year      = {2016},
  month     = {Aug},
  pages     = {-}
}

@article{DENARDO1974270,
  title    = {On the generalized ergosphere of the Kerr-Newman geometry},
  journal  = {Physics Letters B},
  volume   = {50},
  number   = {2},
  pages    = {270-272},
  year     = {1974},
  issn     = {0370-2693},
  doi      = {https://doi.org/10.1016/0370-2693(74)90557-7},
  url      = {https://www.sciencedirect.com/science/article/pii/0370269374905577},
  author   = {G. Denardo and L. Hively and R. Ruffini},
  abstract = {The formula for the size at the generalized ergosphere given by Denardo and Ruffini for the Reissner-Nordtstr√∏m metric is shown to apply in complete generality to the case of any black hole. The structure of the ergosurface is discussed and analytic formulae are given for various asymptotic limits.}
}

@book{Larson2006,
  title     = {Precalculus with Limits: Student Text},
  author    = {Larson, Ron and Hostetler, Robert P},
  publisher = {Houghton Mifflin},
  month     = mar,
  year      = 2006,
  address   = {Boston, MA}
}

@book{Young2010,
  title     = {Precalculus},
  author    = {Young, Cynthia Y},
  publisher = {John Wiley and Sons},
  month     = feb,
  year      = 2010,
  address   = {Nashville, TN}
}

@book{Lawrence2014,
  title     = {A catalog of special plane curves},
  author    = {Lawrence, J Dennis},
  publisher = {Dover Publications},
  series    = {Dover Books on Mathematics},
  month     = jan,
  year      = 2014,
  address   = {Mineola, NY}
}

@book{Hart2002,
  title     = {Geometry},
  booktitle = {{CRC} Standard Mathematical Tables and Formulae, 31st Edition},
  author    = {Hart, George and Levy, Silvio and McLenaghan, Ray},
  publisher = {Chapman and Hall/CRC},
  month     = nov,
  year      = 2002
}

@article{PhysRevD.66.084024,
  title     = {Locating boosted Kerr and Schwarzschild apparent horizons},
  author    = {Huq, Mijan F. and Choptuik, Matthew W. and Matzner, Richard A.},
  journal   = {Phys. Rev. D},
  volume    = {66},
  issue     = {8},
  pages     = {084024},
  numpages  = {15},
  year      = {2002},
  month     = {Oct},
  publisher = {American Physical Society},
  doi       = {10.1103/PhysRevD.66.084024},
  url       = {https://link.aps.org/doi/10.1103/PhysRevD.66.084024}
}

@article{Armengol:2021shd,
  doi = {10.3847/1538-4357/abf0af},
  url = {https://doi.org/10.3847/1538-4357/abf0af},
  year = {2021},
  month = may,
  publisher = {American Astronomical Society},
  volume = {913},
  number = {1},
  pages = {16},
  author = {Federico G. Lopez Armengol and Luciano Combi and Manuela Campanelli and Scott C. Noble and Julian H. Krolik and Dennis B. Bowen and Mark J. Avara and Vassilios Mewes and Hiroyuki Nakano},
  title = {Circumbinary Disk Accretion into Spinning Black Hole Binaries},
  journal = {The Astrophysical Journal}
}

@article{PhysRevD.104.044041,
  title     = {Superposed metric for spinning black hole binaries approaching merger},
  author    = {Combi, Luciano and Armengol, Federico G. Lopez and Campanelli, Manuela and Ireland, Brennan and Noble, Scott C. and Nakano, Hiroyuki and Bowen, Dennis},
  journal   = {Phys. Rev. D},
  volume    = {104},
  issue     = {4},
  pages     = {044041},
  numpages  = {17},
  year      = {2021},
  month     = {Aug},
  publisher = {American Physical Society},
  doi       = {10.1103/PhysRevD.104.044041},
  url       = {https://link.aps.org/doi/10.1103/PhysRevD.104.044041}
}

@article{PhysRevD.91.084044,
  title     = {Energy extraction from boosted black holes: Penrose process, jets, and the membrane at infinity},
  author    = {Penna, Robert F.},
  journal   = {Phys. Rev. D},
  volume    = {91},
  issue     = {8},
  pages     = {084044},
  numpages  = {15},
  year      = {2015},
  month     = {Apr},
  publisher = {American Physical Society},
  doi       = {10.1103/PhysRevD.91.084044},
  url       = {https://link.aps.org/doi/10.1103/PhysRevD.91.084044}
}

@misc{KerrSurfaceViz,
  author       = {Alexander Nieddu },
  title        = {Kerr Black Hole in Cartesian coordinates},
  year         = {2023},
  publisher    = {Alexander Nieddu },
  journal      = {Interactive Web Applet},
  howpublished = {\url{https://alexnieddu.github.io/Kerr-Black-Holes/Web/KerrSurfaces.html}}
}