@book{1986bhmp.book.....T,
  author  = {{Thorne}, Kip S. and {Price}, Richard H. and {MacDonald}, Douglas A.},
  title   = {{Black holes: The membrane paradigm}},
  year    = 1986,
  adsurl  = {https://ui.adsabs.harvard.edu/abs/1986bhmp.book.....T},
  adsnote = {Provided by the SAO/NASA Astrophysics Data System}
}

@article{Abramowicz2013,
  doi       = {10.12942/lrr-2013-1},
  url       = {https://doi.org/10.12942/lrr-2013-1},
  year      = {2013},
  month     = jan,
  publisher = {Springer Science and Business Media {LLC}},
  volume    = {16},
  number    = {1},
  author    = {Marek A. Abramowicz and P. Chris Fragile},
  title     = {Foundations of Black Hole Accretion Disk Theory},
  journal   = {Living Reviews in Relativity}
}

@article{Barcel2011,
  doi       = {10.12942/lrr-2011-3},
  url       = {https://doi.org/10.12942/lrr-2011-3},
  year      = {2011},
  month     = may,
  publisher = {Springer Science and Business Media {LLC}},
  volume    = {14},
  number    = {1},
  author    = {Carlos Barcel{\'{o}} and Stefano Liberati and Matt Visser},
  title     = {Analogue Gravity},
  journal   = {Living Reviews in Relativity}
}

@article{Torres2017,
  doi       = {10.1038/nphys4151},
  url       = {https://doi.org/10.1038/nphys4151},
  year      = {2017},
  month     = jun,
  publisher = {Springer Science and Business Media {LLC}},
  volume    = {13},
  number    = {9},
  pages     = {833--836},
  author    = {Theo Torres and Sam Patrick and Antonin Coutant and Maur{\'{\i}}cio Richartz and Edmund W. Tedford and Silke Weinfurtner},
  title     = {Rotational superradiant scattering in a vortex flow},
  journal   = {Nature Physics}
}

@article{Kolobov2021,
  doi       = {10.1038/s41567-020-01076-0},
  url       = {https://doi.org/10.1038/s41567-020-01076-0},
  year      = {2021},
  month     = jan,
  publisher = {Springer Science and Business Media {LLC}},
  volume    = {17},
  number    = {3},
  pages     = {362--367},
  author    = {Victor I. Kolobov and Katrine Golubkov and Juan Ram{\'{o}}n Mu{\~{n}}oz de Nova and Jeff Steinhauer},
  title     = {Observation of stationary spontaneous Hawking radiation and the time evolution of an analogue black hole},
  journal   = {Nature Physics}
}

@article{Wald2001,
  doi       = {10.12942/lrr-2001-6},
  url       = {https://doi.org/10.12942/lrr-2001-6},
  year      = {2001},
  month     = jul,
  publisher = {Springer Science and Business Media {LLC}},
  volume    = {4},
  number    = {1},
  author    = {Robert M. Wald},
  title     = {The Thermodynamics of Black Holes},
  journal   = {Living Reviews in Relativity}
}

@article{Leaver1985,
  title     = {An analytic representation for the quasi-normal modes of Kerr black holes},
  author    = {Leaver, Eric W},
  journal   = {Proceedings of the Royal Society A: Mathematical, Physical and Engineering Sciences},
  volume    = {402},
  number    = {1824},
  pages     = {285--298},
  year      = {1985},
  publisher = {The Royal Society},
  doi       = {10.1098/rspa.1985.0119},
  url       = {https://doi.org/10.1098/rspa.1985.0119}
}

@article{PhysRevD.93.064062,
  title     = {Quasinormal modes of extremal black holes},
  author    = {Richartz, Maur\'{\i}cio},
  journal   = {Phys. Rev. D},
  volume    = {93},
  issue     = {6},
  pages     = {064062},
  numpages  = {17},
  year      = {2016},
  month     = {Mar},
  publisher = {American Physical Society},
  doi       = {10.1103/PhysRevD.93.064062},
  url       = {https://link.aps.org/doi/10.1103/PhysRevD.93.064062}
}

@article{PhysRevD.73.024013,
  title     = {Eigenvalues and eigenfunctions of spin-weighted spheroidal harmonics in four and higher dimensions},
  author    = {Berti, Emanuele and Cardoso, Vitor and Casals, Marc},
  journal   = {Phys. Rev. D},
  volume    = {73},
  issue     = {2},
  pages     = {024013},
  numpages  = {22},
  year      = {2006},
  month     = {Jan},
  publisher = {American Physical Society},
  doi       = {10.1103/PhysRevD.73.024013},
  url       = {https://link.aps.org/doi/10.1103/PhysRevD.73.024013}
}

