@book{wald,
  title     = {General Relativity},
  author    = {Wald, R.M.},
  isbn      = {9780226870373},
  url       = {http://books.google.com.br/books?id=9S-hzg6-moYC},
  year      = {2010},
  publisher = {University of Chicago Press}
}

@book{carroll,
  title     = {Spacetime and Geometry: An Introduction to General Relativity},
  author    = {Carroll, S.M.},
  isbn      = {9780805387322},
  lccn      = {2004296148},
  url       = {https://books.google.com.br/books?id=1SKFQgAACAAJ},
  year      = {2004},
  publisher = {Addison Wesley}
}

@book{Alcubierre2012-xp,
  title     = {Introduction to 3+1 Numerical Relativity},
  author    = {Miguel Alcubierre},
  year      = {2012},
  month     = {07},
  day       = {05},
  pagecount = {464},
  isbn      = {9780199656158}
}

@book{9781108928250,
  title     = {Numerical Relativity: Starting from Scratch},
  author    = {Thomas W. Baumgarte and Stuart L. Shapiro},
  year      = {2021},
  month     = {04},
  day       = {08},
  pagecount = {234},
  isbn      = {9781108928250}
}

@book{9780521514071,
  title     = {Numerical Relativity},
  author    = {Thomas W. Baumgarte and Stuart L. Shapiro},
  year      = {2010},
  month     = {06},
  day       = {24},
  pagecount = {698},
  isbn      = {9780521514071}
}

@book{Chandrasekhar1998-le,
  title     = {The mathematical theory of black holes},
  author    = {Chandrasekhar, S},
  publisher = {Clarendon Press},
  series    = {Oxford Classic Texts in the Physical Sciences},
  year      = 1998,
  address   = {Oxford, England}
}

@book{LeVeque_Randall_J_2007-09-06,
  title     = {Finite Difference Methods for Ordinary and Partial Differential Equations: Steady-State and Time-dependent Problems},
  author    = {LeVeque, Randall J.},
  publisher = {Society for Industrial and Applied Mathematics},
  year      = {2007},
  month     = {9},
  day       = {6},
  date      = {2007-09-06},
  edition   = {Paperback},
  pages     = {184},
  keywords  = {Reference, Differential Equations, Mathematical Analysis, Finite Mathematics, Mathematics},
  isbn      = {978-0898716290},
  isbn10    = {0898716292}
}